3230 5040
712 227 909 290 ..9-

174 404 336 486 legrmtur,
359 405 532 467 recentiora
556 423 631 468 esse.
679 402 801 479 Quibus
824 407 859 467 in
875 407 1097 489 conquirendis
1121 407 1330 491 anthologista
1351 427 1452 491 pauca

175 511 317 572 carmina
339 528 380 572 ex
403 509 512 573 eodem
539 510 625 574 fonte
648 512 792 575 hausisse
814 512 954 594 uidetur,
978 512 1033 575 sed
1056 515 1213 596 poematia
1236 515 1326 597 quasi
1350 515 1452 598 spicas

174 613 323 699 undique
341 615 516 699 collegisse,
545 637 739 702 quamquam
767 638 808 682 ne
835 621 870 682 in
896 620 955 682 hac
983 619 1112 703 quidem
1141 621 1338 704 anthologiae
1364 625 1452 705 parte

176 721 331 803 carmina,
364 743 445 807 quae
477 723 526 787 ab.
549 744 615 790 uno
646 731 738 810 poeta
770 725 911 790 confecta
933 731 1020 810 sunt,
1044 728 1188 792 consulto
1211 728 1453 811 anthologistam

176 827 339 893 diremisse
362 829 530 914 apparebit.

267 933 475 999 Continentur
498 943 604 1001 autem
626 943 798 1025 posteriore
827 933 1021 1005 collectionis
1043 946 1131 1026 parte
1155 943 1295 1005 carmina
1317 941 1407 1004 haec:

265 1043 309 1110 33
327 1039 427 1128 Ἔρως
449 1043 522 1114 ποτ’
545 1047 581 1114 ἐν
603 1043 746 1133 ῥόδοισιν
761 1055 828 1116 κτλ.
845 1067 972 1112 carmen
995 1048 1240 1112 hemiambioum
1255 1068 1320 1112 non
1342 1049 1453 1132 paucis

176 1149 324 1213 don‘smis
347 1152 498 1235 inspersis
521 1155 741 1238 conspicuum,
765 1157 856 1219 cuius
878 1161 970 1241 poeta
985 1155 1139 1219 Theocriti
1153 1157 1346 1239 poematica,
1370 1153 1454 1238 quod

176 1256 360 1320 inscribitur
370 1255 469 1343 Ἔρως
486 1264 733 1347 κηοιοκλίπτης,
757 1267 822 1325 tam
838 1263 995 1347 eleganter
1012 1264 1155 1326 imitatus
1171 1268 1231 1345 cst,
1249 1267 1285 1325 ut
1300 1260 1455 1325 Hadriani

177 1369 279 1427 aetate
301 1383 366 1427 nou
388 1367 596 1431 recentiorem
619 1386 687 1432 esse
710 1370 897 1434 existimem.

267 1471 313 1538 34
335 1467 366 1538 Ὁ
385 1477 530 1551 Πλοῦτος
554 1475 586 1542 εί
605 1500 641 1560 γε
664 1483 783 1560 χρυσοῦ
797 1483 864 1543 κτλ.
889 1495 1015 1539 carmen
1038 1474 1283 1539 hemiambioum
1306 1493 1455 1538 romanae

177 1580 215 1640 ut
237 1577 365 1641 uidetur
387 1581 498 1643 aetatis
521 1582 555 1643 in
579 1581 658 1644 duos
681 1600 793 1644 uersus
821 1583 1017 1667 logaoedicos
1041 1584 1163 1646 exiens:
1193 1583 1229 1651 ἐν
1252 1579 1281 1648 δ’
1305 1577 1456 1648 ἁπαλαῖσι

177 1688 300 1762 κοίταις
329 1684 333 1767 Ι
358 1692 462 1754 τελεῖν
488 1687 549 1755 τᾶν
575 1685 777 1774 Ἀφροδίταν,
807 1708 886 1772 quos
917 1690 974 1751 uix
1003 1691 1105 1753 omitti
1136 1709 1229 1774 posse
1257 1691 1380 1774 opinor,
1414 1707 1456 1752 nc

177 1792 275 1854 nimis
298 1791 437 1856 breuiter
460 1792 666 1879 abrumpatur
689 1815 817 1859 carmen
844 1815 926 1858 neue
954 1794 1099 1859 turbetur
1125 1797 1202 1860 haec
1230 1817 1326 1880 quam
1352 1799 1456 1859 inesse
1532 1851 1536 1860 .

178 1917 249 1960 reor
272 1900 454 1982 compositio
478 1903 646 1985 strophica:
671 1906 703 1970 A
726 1902 758 1983 (5
781 1907 847 1980 uu.)
871 1901 1036 1966 Seruarcm
1051 1903 1192 1985 diuitiae,
1215 1905 1242 1968 si
1266 1922 1374 1966 earum
1399 1921 1457 1985 ope

178 2009 311 2068 mortem
335 2011 477 2072 auertere
499 2028 630 2092 possem.
662 2007 666 2096 Ι
691 2017 722 2079 Β
736 2010 767 2092 (6
784 2010 848 2090 uu.)
872 2008 966 2073 Nunc
981 2028 1057 2072 uero
1081 2010 1158 2092 quid
1173 2011 1253 2073 mihi
1275 2009 1429 2092 prosunt?
1451 2004 1454 2094 l

179 2107 221 2179 A'
244 2113 275 2194 (5
298 2114 363 2192 uu.)
385 2112 498 2199 Itaque
521 2122 655 2182 aetatem
678 2137 805 2202 carpere
827 2117 920 2180 malo.

269 2220 314 2288 35
337 2217 395 2290 Διά
422 2221 538 2299 νυκτὸς
564 2221 777 2309 ἐγκαθεύδων
803 2231 870 2292 κτλ.
899 2242 1027 2288 carmen
1060 2225 1315 2288 anacreonticum
1347 2224 1457 2287 aetatis

180 2326 370 2408 byzantinae
392 2329 576 2411 ineuntis.*)

271 2434 315 2504 36
337 2431 447 2521 Ἱλαροί
469 2440 594 2525 πίωμεν
621 2437 710 2508 οἶνον
737 2446 804 2507 κτλ.
838 2458 965 2502 carmen
993 2439 1246 2502 anacreonticum
1269 2439 1379 2501 aetatis
1401 2436 1459 2518 by·

181 2543 336 2606 cananae.

272 2651 314 2719 37
343 2657 433 2719 Φιλῶ
472 2655 608 2739 γέροντα
645 2651 787 2740 τερπνόν
823 2661 890 2722 κτλ.
930 2671 1054 2718 carmen
1093 2650 1338 2715 hemiambioum
1376 2651 1460 2713 circa

182 2755 339 2820 Hadriani
366 2764 403 2821 ut
430 2759 555 2823 uidetur
582 2766 714 2824 aetatem
743 2761 912 2844 conditum,
941 2763 1031 2824 amus
1059 2779 1171 2822 uersus
1199 2759 1311 2822 tertius
1335 2759 1376 2838 (et
1398 2755 1460 2820 for·

183 2869 267 2928 tasse
290 2883 402 2929 uersus
427 2869 567 2950 quintus)
591 2869 810 2951 pherecrateus
834 2869 940 2949 cst**)

272 2972 317 3039 38
338 2969 466 3063 Ἐπειόν]
492 2972 610 3060 βροτός
636 2973 779 3063 ἐτύχθην
804 2983 872 3042 κτλ
901 2980 931 3038 et
953 2975 997 3043 33
1026 2977 1060 3043 Τί
1091 2970 1191 3041 καλόν
1222 2974 1289 3041 ἐστι
1312 2974 1460 3055 βαδίζειν

184 3085 252 3147 κτλ
281 3081 421 3144 carmina
448 3084 664 3146 anacreontica
693 3085 801 3146 aetatis
838 3081 1027 3162 byzuntinae
1058 3079 1252 3163 syllabarum
1287 3078 1460 3161 quantitate

185 3188 327 3271 neglecta
350 3191 478 3273 scripta,
503 3209 583 3272 quae
606 3190 702 3252 unius
726 3189 931 3272 eiusdemque
954 3196 1063 3273 poetae
1087 3207 1154 3252 csse
1177 3189 1326 3270 suspicor.

274 3295 355 3359 ltem
374 3297 471 3359 unius
494 3295 698 3382 eiusdemque
727 3297 862 3359 auctoris
895 3302 971 3359 sunt
998 3299 1138 3360 carmina
1165 3294 1383 3358 anacreontica
1406 3292 1460 3359 40.

185 3406 240 3472 41.
263 3405 318 3472 43.
342 3405 390 3471 44
413 3401 530 3465 saeculi
557 3402 622 3466 fere
646 3406 749 3487 quarti
776 3408 846 3487 post
869 3401 938 3466 chr.
962 3423 992 3465 n.
1017 3401 1139 3479 Quibus
1163 3400 1355 3468 carminibus
1378 3417 1462 3460 com-

186 3511 297 3576 munia
328 3516 359 3575 et
384 3511 510 3595 propria
537 3516 613 3574 sunt
639 3510 729 3573 haec:
754 3511 782 3591 a)
806 3509 937 3593 Saepius
966 3531 1061 3594 quam
1088 3511 1121 3574 in
1149 3497 1214 3573 ullo
1238 3507 1300 3571 alio
1323 3505 1462 3568 carmine

187 3619 284 3683 huius
307 3619 502 3702 anthologiae
526 3621 658 3703 (praeter
681 3637 807 3681 carmen
830 3618 889 3700 50,
919 3618 957 3681 de
981 3637 1044 3701 quo
1072 3617 1145 3680 uide
1168 3615 1259 3694 infra)
1283 3612 1462 3677 immiscen-

186 3733 240 3790 tur
270 3727 367 3790 ionici
405 3726 528 3789 dimetri
555 3727 624 3789 sine
652 3723 796 3788 anaclasi.
848 3725 878 3805 b)
907 3723 1144 3789 Contrahuntur
1170 3726 1204 3787 in
1230 3740 1344 3786 uersus
1371 3719 1462 3782 initio

189 3831 281 3896 binae
309 3832 448 3913 syllabae
475 3832 588 3897 breues
615 3835 648 3896 in
680 3833 807 3916 longam
839 3834 873 3895 in
902 3832 1048 3896 uersibus
1070 3833 1123 3912 4l,
1148 3830 1197 3897 16.
1223 3825 1278 3908 42,
1302 3830 1329 3890 2.
1354 3827 1409 3906 42,
1434 3827 1461 3887 5.

189 3941 216 4020 c)
237 3937 378 4004 Soluitur
404 3942 500 4004 thesis
528 3941 638 4021 altera,
662 3940 746 4023 quod
763 3939 837 4003 alibi
851 3960 922 4003 raro
937 3939 985 4020 fit,
1007 3940 1042 4002 in
1056 3937 1202 4001 uersibus
1212 3936 1267 4016 40,
1285 3937 1313 3998 3.
1337 3935 1393 4016 40,
1411 3933 1461 3995 15.

260 4135 284 4206 ¹)
304 4137 334 4190 ln
359 4133 527 4190 carminibus
546 4133 574 4189 2.
594 4133 642 4188 tt.
662 4134 710 4188 38.
730 4133 779 4190 et.
798 4133 845 4189 48.
865 4133 912 4197 52,
935 4133 1009 4190 1-8,
1031 4133 1070 4188 58
1090 4133 1221 4185 accentus
1233 4129 1347 4199 regulae
1365 4129 1464 4197 byzan-

189 4226 267 4282 tinae
286 4227 482 4290 obseruantur,
502 4225 536 4279 cf.
555 4223 628 4278 Acta
645 4221 854 4292 Philologorum
873 4219 1148 4277 conuentusXXXVl
1159 4217 1376 4274 Carolirubensis
1397 4216 1464 4271 1883

189 4331 283 4474 ΜΞ)
295 4315 425 4456 34414ίοί4ιί
452 4399 618 4456 hemiambis
642 4404 670 4454 et
698 4397 886 4470 pherecrataia
911 4402 1023 4454 constat
1042 4395 1177 4451 Hadriani
1205 4395 1275 4450 illud
1294 4397 1463 4464 Borysthenes

190 4499 294 4547 Alanus
313 4496 375 4558 etc,
394 4491 458 4546 uide
476 4490 557 4546 Riese
577 4491 661 4544 anth.
681 4491 730 4544 lat.
750 4507 791 4546 ur.
810 4488 870 4544 903.
