3230 5040
692 245 899 307 „5-

162 421 262 484 solum
285 428 445 487 uastatum
468 422 602 506 iacebat,
625 423 788 486 conditum
807 443 875 486 esse
891 443 1067 505 sumamus
1091 423 1145 486 sed
1168 441 1209 486 ne
1232 425 1316 485 iutra
1339 441 1438 486 annos

161 530 337 593 243-146
367 530 494 615 quidem
521 530 673 594 uidentur
701 536 771 615 apte
797 530 928 614 proferri
955 533 1103 614 potuisse.
1156 531 1316 594 Romanae
1342 529 1440 612 igitur

159 637 254 699 aetati
277 656 405 701 carmen
428 637 469 706 13
493 636 671 701 adscribere
693 640 811 701 malim.

248 743 384 808 Videtur
406 746 484 809 mihi
506 761 590 808 uero
607 746 767 809 enucleari
789 764 893 828 posse,
923 764 986 828 qua
1007 745 1042 806 iu
1066 742 1148 807 urbe
1171 743 1266 806 huius
1290 745 1439 810 carminis

160 855 270 914 auctor
296 852 421 916 uixerit.
473 853 617 917 Primum
645 854 730 916 enim
759 859 985 916 enumerantur
1011 852 1093 932 loca,
1127 869 1207 934 quae
1239 851 1322 914 circa
1353 871 1440 915 mare

159 957 323 1041 Aegaeum
348 960 407 1022 sita
434 966 523 1024 sunt:
551 968 684 1046 πρῶτον
710 961 769 1046 μὲν
792 960 827 1044 ἐξ
851 955 999 1044 Ἀθηνῶν
1019 957 1023 1042 Ι
1044 960 1165 1045 ἔρωτας
1188 959 1309 1027 εἴκοσιν
1335 961 1395 1037 θὲς
1416 959 1420 1043 Ι

158 1068 213 1134 καί
240 1065 467 1136 πεντεκαίδεκ’
495 1065 620 1146 ἄλλους·
653 1067 657 1151 Ι
691 1068 803 1135 ἔπειτα
831 1064 860 1133 δ’
888 1067 925 1134 ἐκ
953 1069 1118 1152 Κορίνθου
1147 1066 1151 1150 Ι
1185 1068 1245 1144 θὲς
1273 1065 1439 1153 ὁρμαθούς

159 1168 304 1257 ἐρώτων·
325 1174 329 1257 Ι
348 1172 474 1262 Ἀχαίης
488 1171 549 1260 γάρ
564 1176 663 1260 ἐστιν,
686 1175 689 1258 Ι
710 1170 795 1244 ὅπου
809 1177 903 1242 καλαὶ
925 1188 1085 1260 γυναῖκες·
1106 1175 1110 1258 Ι
1130 1178 1216 1242 τίθει
1232 1175 1269 1241 δὲ
1284 1177 1441 1256 Λεσβίους

158 1305 213 1366 μοι
234 1279 238 1362 Ι
258 1284 312 1348 καί
333 1285 425 1368 μέχρι
446 1290 514 1350 τῶν
535 1279 649 1351 Ἰώνων
668 1283 672 1366 Ι
692 1286 745 1350 καί
766 1284 887 1368 Καρίης
904 1277 1017 1348 Ῥόδου
1035 1307 1071 1348 τε
1091 1280 1096 1364 Ι
1117 1284 1288 1365 δισχιλίους
1308 1281 1438 1366 ἔρωτας.

160 1385 284 1450 Deinde
317 1391 381 1470 (uu.
417 1390 557 1471 18-23)
596 1389 799 1472 proferuntur
830 1375 962 1468 terrae‚'
983 1407 1063 1474 quae
1095 1388 1221 1471 longius
1260 1387 1376 1451 absunt
1408 1393 1440 1451 at

160 1499 268 1557 tamen
291 1514 365 1559 oum
387 1498 468 1559 mari
484 1497 711 1560 mediterraneo
728 1498 924 1559 continentes
948 1501 1036 1558 sunt:
1060 1499 1092 1562 τί
1107 1491 1170 1580 φῄς
1190 1543 1412 1563 ..........
1433 1490 1437 1582 Ι

160 1597 254 1668 οὔπω
271 1599 400 1687 Σύρους
415 1605 515 1687 ἔλεξα,
536 1602 540 1686 Ι
561 1600 654 1671 ου”πω
669 1599 796 1679 πόθους
809 1599 978 1685 Κανώβου,
1000 1601 1004 1685 Ι
1025 1599 1062 1672 οὗ
1078 1611 1137 1689 τῆς
1151 1596 1265 1670 ἅπαντ’
1275 1599 1409 1690 ἐχούσης
1433 1599 1438 1688 Ι

160 1703 324 1795 Ῥώμης*Ι,
353 1704 437 1777 ὅπου
460 1714 613 1778 πολίσσιν
633 1710 637 1793 Ι
656 1707 755 1795 Ἔρως
782 1707 972 1796 ἐποργιάςει.
1023 1707 1169 1792 Denique
1198 1711 1262 1789 (uu.
1288 1711 1440 1792 24-27)

160 1817 369 1880 nominantur
397 1816 481 1880 orbis
509 1823 679 1897 terrarum,
709 1818 764 1900 qui
791 1817 952 1880 ueteribus
979 1821 1074 1880 notus
1102 1821 1180 1897 erat,
1213 1817 1318 1880 ultimi
1345 1817 1438 1882 fines:

160 1925 193 1988 τί
216 1941 265 1989 σοι
288 1927 395 2001 θέλεις
416 1920 546 2010 ἀριθμῶ
566 1925 570 2008 Ι
594 1927 649 1992 καί
675 1920 752 2001 τούς
779 1927 938 2009 Γαδείρου
961 1921 1054 2002 ἐκτός
1079 1922 1083 2006 Ι
1107 1923 1183 2002 τούς
1207 1930 1377 2012 Βακτρίων
1403 1953 1440 1994 τε

160 2029 285 2097 κίνδῶν
314 2028 318 2111 Ι
347 2039 452 2120 ψυχῆς
480 2033 556 2119 ἐμῆς
584 2033 719 2117 ἔρωτας
748 2030 823 2094 Sine
851 2030 947 2095 dubio
974 2039 1066 2115 poeta
1093 2051 1197 2114 neque
1226 2033 1439 2097 Alexandriae

161 2154 266 2218 neque
288 2135 407 2202 Romae
431 2139 618 2204 uersabatur
640 2160 676 2204 eo
712 2160 774 2224 quo
797 2141 857 2203 hoc
880 2158 1007 2203 carmen
1031 2138 1184 2202 condebat
1206 2145 1357 2223 tempore,
1385 2140 1440 2204 sed

162 2248 218 2305 aut
239 2244 274 2305 in
298 2246 360 2308 oris
385 2252 440 2309 aut
461 2248 496 2308 in
518 2247 632 2310 insulis
648 2248 744 2311 maris
761 2249 886 2331 Aegaei.
934 2246 1013 2309 Cum
1028 2265 1105 2310 uero
1127 2246 1218 2309 facile
1234 2252 1441 2330 cognoscatur

161 2368 203 2412 ne
226 2369 263 2413 ea
286 2352 414 2435 quidem
436 2354 519 2435 loca,
543 2374 624 2437 quae
646 2374 742 2438 prope
765 2374 851 2418 mare
867 2355 1028 2437 Aegaeum
1053 2354 1112 2415 sito
1128 2357 1216 2434 sunt,
1240 2355 1309 2416 sine
1329 2354 1440 2418 ordine

162 2461 354 2541 enumerari,
383 2480 449 2524 non
483 2481 558 2524 casu
592 2461 710 2524 factum
739 2481 807 2524 esse
834 2461 975 2540 uidetur,
1007 2465 1043 2523 ut
1071 2459 1215 2522 Athenae
1240 2462 1343 2543 primo
1370 2461 1439 2525 loco

161 2565 411 2636 nominarentur.
461 2569 595 2632 Athenis
623 2570 720 2652 igitur
754 2568 814 2632 hoc
840 2587 967 2632 carmen
995 2568 1147 2650 scripturn
1182 2585 1250 2630 essa
1277 2586 1341 2630 nou
1371 2569 1441 2631 sine

164 2673 306 2737 uentatis
329 2677 432 2758 speeie
456 2682 510 2738 est.

251 2885 407 2972 Deinceps
434 2891 469 2952 in
497 2891 602 2954 codiee
629 2891 780 2973 leguntur
807 2891 867 2953 tria
894 2890 1034 2952 carmina
1062 2889 1276 2952 anaclomenis
1309 2888 1438 2970 scripta:

164 2995 204 3062 15
222 2991 314 3081 Ἄγε,
339 2994 519 3084 ζωγράφων
542 2995 649 3085 ἄριστε
672 3005 739 3066 κτλ.
790 2999 832 3066 16
857 2993 966 3082 Periere
988 3021 1041 3084 μοι
1065 2994 1238 3064 Βάθυλλον
1261 2989 1348 3063 οὕτω
1371 3001 1439 3063 κτλ

164 3101 257 3187 lille
280 3102 360 3173 Δότε
382 3131 449 3191 μοι,
479 3103 547 3174 δότ’
570 3101 598 3174 oi
620 3119 768 3191 γυναῖκες
790 3111 858 3173 κτλ
910 3102 1110 3167 Carminibus
1133 3102 1173 3170 15
1202 3108 1233 3166 ct
1256 3101 1296 3170 16
1319 3102 1439 3165 similia

163 3217 348 3293 argumenta
372 3214 469 3276 simili
492 3213 584 3276 modo
608 3218 789 3277 tractantur.
829 3211 895 3276 Nec
918 3217 1023 3274 tamen
1046 3210 1129 3274 idem
1154 3216 1245 3293 poeta
1267 3215 1440 3292 utrumque

161 3317 247 3398 fecit,
272 3321 422 3401 quoniam
445 3339 495 3382 res
523 3321 592 3383 sine
615 3320 711 3383 dubio
734 3320 848 3383 mehus
872 3320 1011 3381 carmine
1033 3319 1075 3386 15
1099 3318 1243 3382 absoluta
1265 3321 1313 3380 est
1335 3335 1440 3400 neque

163 3425 337 3488 uerisimile
365 3427 490 3490 uidetur
520 3427 655 3490 eundem
687 3433 823 3510 poetam,
851 3427 906 3510 qui
929 3444 953 3488 e.
978 3445 1022 3508 gr.
1047 3426 1206 3509 scripserit
1237 3424 1272 3486 iu
1300 3425 1439 3487 carmine

163 3531 205 3598 15
228 3551 258 3593 u.
284 3533 326 3594 24
349 3553 416 3616 sqq.
440 3529 541 3617 γράφε
568 3541 686 3618 χεῖλος,
714 3531 767 3602 σία
791 3538 945 3614 Πειθοῦς,
967 3532 971 3614 Ι
992 3528 1256 3618 προκαλούμενον
1278 3535 1407 3618 φίλημα,
1433 3527 1437 3616 Ι

161 3646 322 3724 τρυφεροῦ
344 3634 373 3705 d’
396 3640 460 3706 ίοω
482 3643 607 3725 γενείου
631 3641 635 3720 Ι
660 3643 734 3724 περί
757 3643 898 3728 λυγδίνογ
921 3635 1070 3726 τραχήλῳ
1100 3638 1104 3722 Ι
1131 3636 1267 3723 Χάριτες
1290 3646 1439 3728 πετοῇντο

161 3754 276 3831 πᾶσαι,
300 3747 334 3808 in
358 3748 497 3810 carmine
524 3749 562 3815 16
591 3768 619 3810 u.
645 3749 686 3809 22
715 3767 782 3830 sqq.
806 3747 906 3809 multo
934 3748 1040 3810 minus
1070 3753 1140 3830 apte
1169 3746 1305 3809 dixisse:
1334 3741 1372 3813 τό
1401 3747 1439 3812 δὲ

161 3858 268 3938 χεῖλος
299 3849 403 3920 οὐκέτ’
435 3851 510 3922 οῖδα
539 3855 542 3936 Ι
572 3857 634 3922 τίνι
656 3880 709 3939 μοι
740 3850 854 3942 τρόπῳ
886 3851 1041 3939 ποιήσεις,
1071 3853 1075 3936 Ι
1105 3850 1230 3922 αἷπαλὸν
1267 3855 1365 3938 γέμον
1405 3877 1440 3919 τε

163 3964 317 4036 neceesa-
338 3959 342 4042 Ι
362 3959 400 4026 td
429 3963 466 4028 δὲ
498 3969 565 4029 πᾶν
591 3957 609 4028 ὁ
636 3960 735 4046 κηρός
762 3959 859 4038 αι’τός
884 3961 887 4044 Ι
917 3963 1017 4046 ἐχέτω
1045 3967 1152 4028 λαλῶν
1180 3968 1296 4046 σιωπῇ·
1326 3958 1330 4042 Ι
1359 3951 1440 4044 perd

234 4153 259 4218 *t
279 4153 310 4206 ln
328 4171 355 4206 u.
375 4153 408 4206 22
424 4151 538 4220 Ῥώμης,
562 4154 637 4222 quod
660 4153 766 4222 legitur
788 4153 817 4207 in
840 4153 967 4223 margine
991 4152 1106 4222 codicis,
1130 4169 1181 4222 pro
1201 4151 1307 4222 Κρήτης
1329 4148 1359 4203 iu
1383 4153 1440 4205 tex·

162 4247 225 4298 tum
243 4242 434 4314 recipiendum
453 4259 511 4298 esse
533 4247 608 4297 recte
627 4243 787 4299 'l'heodorua
807 4243 899 4314 Bergk
917 4243 947 4298 in
965 4243 1037 4298 Hist.
1057 4242 1123 4296 Litt.
1143 4241 1239 4296 Graec.
1259 4241 1284 4294 11
1302 4258 1366 4309 pag.
1387 4241 1439 4296 356

164 4331 227 4386 adn.
247 4331 282 4386 90
300 4333 404 4385 monet.
424 4331 550 4401 Apparet
569 4331 643 4385 enim
666 4330 812 4400 epitheton
835 4331 881 4398 τῆς
899 4327 997 4384 ἅπαντ’
1023 4330 1129 4399 ἐχούσης
1147 4330 1219 4384 male
1243 4329 1380 4398 quadrare
1404 4329 1440 4382 sd

164 4421 286 4486 Cretam,
305 4420 411 4491 optime
422 4421 595 4484 adlimam,
615 4439 706 4490 neque
725 4422 869 4474 nominum
888 4420 1138 4491 geographieorum
1149 4418 1273 4474 ordinem
1291 4421 1367 4472 recte
1386 4435 1440 4473 ser-

164 4509 239 4574 uari,
257 4509 314 4564 nisi
332 4508 488 4579 corrigatur
506 4507 673 4563 uocabulum
693 4509 806 4579 Κρήτης.
