3230 5040
454 1267 1106 1413 1111111110.)

232 1613 415 1678 carminum
441 1614 853 1698 pseudoanacrecnticorum
885 1614 1007 1698 sylloge
1039 1614 1259 1678 continebatur
1294 1617 1420 1699 paginis

145 1721 370 1802 675-696**)
394 1720 509 1783 codicis
533 1720 729 1784 celeberrimi
752 1721 787 1804 P,
811 1724 902 1786 cinus
924 1724 1026 1785 maior
1048 1722 1187 1806 pars***)
1205 1723 1421 1805 complectitur

144 1827 296 1912 cephalae
320 1828 530 1912 anthologiam
554 1829 822 1911 epigrammatum.
871 1827 932 1904 Qui
948 1829 1049 1892 codex
1071 1831 1105 1891 in
1122 1828 1311 1892 bibliotheca
1330 1825 1422 1892 Pala·

142 1937 209 1998 tina
232 1937 358 1999 numeri
380 1941 455 1998 nota
484 1936 525 1997 23
548 1936 732 2018 insignitus,
766 1955 840 2000 cum
868 1956 951 2000 anuo
982 1936 1067 2000 1623
1096 1935 1302 2000 bibliothecae
1331 1937 1423 2001 Pala·

143 2044 227 2106 tinae
258 2042 412 2106 librorum
444 2045 533 2127 copia
554 2041 689 2106 Romam
721 2050 831 2108 auecta
854 2051 950 2126 esset,
982 2045 1018 2106 in
1041 2043 1104 2106 duo
1127 2044 1294 2108 uolumina
1321 2046 1422 2129 (pagg.

24 2197 29 2210 .
146 2149 275 2212 1-614
299 2156 329 2213 11
351 2170 440 2234 pagg.
466 2150 652 2228 615-169)
677 2149 800 2218 diuisus
823 2157 877 2216 est.
923 2152 1038 2215 Postea
1062 2154 1157 2232 (anno
1180 2152 1276 2232 1797)
1301 2158 1423 2214 utrum-

144 2275 206 2340 qne
228 2257 381 2320 uolumen
396 2257 535 2322 Parisios
560 2257 699 2320 delatum
722 2263 777 2340 111,
801 2259 886 2322 unde
902 2277 975 2320 cum
991 2278 1074 2322 anuo
1093 2259 1179 2321 1816
1202 2259 1290 2342 prior
1305 2259 1422 2321 codicis

143 2383 216 2448 pars
248 2363 457 2429 bibliothecae
490 2363 666 2427 Palatinae·
687 2366 833 2429 restituta
865 2370 959 2446 11111,
998 2365 1109 2447 altera,
1140 2367 1175 2428 in
1214 2385 1277 2449 qua
1307 2366 1423 2429 insunt

143 2469 377 2553 Anacreontea‚
401 2472 530 2536 Parisiis
553 2473 705 2536 remansit
728 2472 803 2554 (cod.
828 2471 926 2534 Paris.
951 2473 1051 2555 suppl.
1074 2494 1119 2556 gr.
1146 2473 1272 2556 384)†).

233 2576 374 2661 Scriptus
402 2584 449 2642 est
477 2579 577 2642 codex
603 2578 657 2641 ille
689 2597 767 2642 saec.
791 2579 855 2642 fere
879 2578 928 2642 XI
955 2597 1059 2662 neque
1087 2578 1127 2641 ab
1153 2598 1219 2641 una
1247 2579 1421 2663 eademque

144 2703 255 2765 manu,
283 2684 321 2746 cf.
346 2703 371 2748 e.
393 2707 439 2769 gr.
462 2686 613 2765 Wolters,
642 2683 688 2749 Dc
712 2687 975 2768 epigrammatum
1001 2705 1186 2769 graecomm
1213 2687 1423 2770 Anthologiia

143 2789 237 2854 Halis
264 2791 348 2854 1882
372 2813 440 2876 pag.
468 2794 521 2856 14:
547 2791 639 2873 „Vna
662 2812 777 2855 manus
802 2793 1005 2875 adgnoscitur
1029 2792 1290 2876 quaternionibus
1313 2794 1424 2877 priori·

144 2896 205 2960 bus
241 2879 388 2965 XXVIII
420 2899 523 2982 (Pauli
551 2899 722 2964 Silentiarii
750 2900 916 2985 ἔκφρασιν,
953 2899 1095 2983 Gregorii
1127 2883 1263 2984 eclogas,
1295 2902 1423 2966 Anthol.

145 3003 211 3067 Pal.
235 3004 288 3068 lib.
311 3004 424 3070 I-IX
448 3007 512 3069 563
535 3005 768 3090 referentibus),
802 3007 899 3070 altera
926 3006 1132 3090 sequentibus
1161 3006 1424 3091 quaternionibus

144 3109 195 3174 XI
219 3117 250 3176 11
271 3114 414 3176 ternione
436 3114 490 3176 illc
514 3133 578 3176 uno
601 3113 675 3176 folio
699 3121 789 3176 aucto
811 3115 916 3195 (Anth.
934 3114 997 3178 Pal.
1013 3113 1065 3178 IX
1082 3115 1146 3178 564
1167 3151 1209 3161 -
1226 3113 1332 3196 XIV),
1355 3118 1424 3176 tum

145 3218 250 3282 denuc
265 3221 352 3303 prior
367 3240 480 3283 manus
502 3220 761 3303 quaternionibus
778 3220 825 3282 IV
841 3221 980 3302 (Ioannis
1001 3222 1114 3308 Gauaei
1130 3222 1304 3306 ecphrasin‚
1327 3220 1423 3283 Anth.

145 3323 212 3390 Pal
228 3324 292 3389 XV
314 3347 380 3389 una
403 3347 476 3390 cum
496 3328 723 3390 Anacreonteis
744 3334 801 3391 110.
825 3329 1098 3411 continentibus)“.
1144 3327 1193 3392 De
1216 3328 1333 3394 codicis
1356 3346 1424 3390 cor·

146 3432 337 3497 rectionibus
373 3440 491 3514 autern,
527 3454 607 3518 quae
638 3435 673 3496 in
696 3435 923 3500 Anacreonteis
950 3437 1074 3517 insunt,
1105 3441 1189 3500 recte
1212 3434 1291 3498 mihi
1315 3434 1424 3497 existi-

145 3557 250 3602 masse
284 3541 409 3605 uidetur
442 3541 546 3625 Bergk
571 3543 655 3605 Poet.
679 3541 754 3622 Lyr.
787 3539 837 3603 Gr.
862 3541 936 3622 1114,
967 3562 1035 3625 pag.
1062 3542 1140 3623 296,
1179 3543 1234 3624 qui
1268 3540 1424 3604 nonnulla

147 3645 275 3729 quidem
298 3649 404 3732 ipsum
431 3649 596 3712 librarium
612 3667 669 3711 suo
689 3649 828 3731 periculo
845 3651 1032 3732 correxisse,
1060 3649 1115 3712 sed
1137 3650 1288 3733 pleraque
1312 3653 1367 3710 aut
1382 3665 1424 3711 ex

219 3857 243 3926 *l
262 3857 375 3914 Partem
403 3877 511 3924 eorum,
545 3878 617 3930 quae
643 3859 697 3913 hac
729 3858 904 3930 praefatione
932 3861 1121 3928 exponuntur,
1158 3857 1188 3912 in
1216 3857 1424 3928 philologc'rnm

147 3951 290 4003 conuentu
309 3947 421 4004 XXXVI
439 3948 666 4020 (Caroliruhensi)
685 3966 710 4002 a.
732 3948 799 4002 1882
818 3965 883 4018 pag.
904 3948 1046 4002 284-293
1066 3947 1240 4002 adumbraui.

220 4037 260 4108 **)
278 4037 296 4092 1.
316 4055 338 4094 e.
358 4036 469 4108 paginis
488 4039 635 4092 676-691
662 4038 814 4092 secundum
836 4036 1001 4091 numerandi
1024 4035 1162 4091 rationem
1188 4054 1206 4090 a
1224 4036 1351 4107 Spaletti,
1377 4038 1426 4108 qui

147 4123 245 4181 omisit
262 4145 409 4182 numerum
427 4128 493 4195 616,
512 4131 683 4198 usurpatam.

184 4216 242 4285 m)
261 4217 431 4288 Appendicis
449 4218 512 4273 loco
522 4217 633 4271 adiecta
643 4217 781 4286 Cephalae
796 4214 984 4285 Anthclcgiae
998 4231 1061 4269 cum
1078 4213 1135 4268 alia
1153 4217 1214 4269 tum
1230 4214 1427 4270 Anacraoutca

148 4304 355 4361 demonstrauit
377 4305 512 4373 Wolters,
537 4306 577 4361 De
597 4306 830 4376 epigrammatum
850 4321 1014 4375 graecorum
1034 4303 1218 4373 anthologiis,
1237 4303 1326 4359 Halae
1347 4305 1425 4360 1882.

221 4396 247 4465 t)
267 4395 299 4450 cf.
319 4395 401 4451 Rosci
419 4395 620 4465 praefationem
643 4394 775 4450 editionis
793 4395 1048 4449 Anacreonteomm
1064 4391 1259 4466 (Anacreontis
1274 4391 1334 4447 Teii
1353 4409 1427 4461 quae

151 4494 290 4544 uocantur
308 4485 475 4558 aspernatas&
495 4485 630 4558 ἡμιάμβια
648 4483 764 4540 tertium
783 4473 859 4539 edita
879 4501 895 4537 a
913 4482 1063 4538 Valentino
1083 4482 1152 4537 Itose
1172 4481 1283 4552 Lipsiae
1304 4482 1391 4552 1876.)
