3230 5040
694 241 914 305 „21-

301 414 477 500 άπεοῦσαν,
501 413 546 494 ως
568 415 608 486 άν
632 418 728 503 είπω,

258 525 277 586 5
301 521 403 611 γράφε
425 519 486 611 τήν
508 519 587 610 ἐμήν
611 523 746 610 ἑταίρην.

1028 491 1085 575 ·[ι
1110 493 1138 564 2,
1164 491 1194 575 2]

300 627 402 717 γράφε
416 655 471 716 μοι
484 633 594 715 τρίχας
612 628 651 699 τὸ
673 639 805 718 azosfiwv
832 615 873 683 16
896 617 964 692 Εἰς
986 611 1176 700 νεώτερον
1199 614 1416 688 Βάθυλλον.

300 734 425 814 ἁπαλάς
446 764 483 806 τε
506 740 560 805 καί
581 741 741 823 μελαίνας·

301 841 319 912 ὁ
343 847 380 912 δὲ
403 841 501 930 κηρός
524 841 564 912 ἂν
587 842 734 932 δύνηται,

259 948 403 1037 9γράφε
425 954 479 1018 καί
510 947 611 1037 μύρου
641 949 806 1030 πνεούσας.

300 1055 402 1145 γράφε
426 1057 459 1126 δ’
482 1060 517 1144 ἐξ
539 1054 616 1146 ὅλης
638 1066 770 1146 παρειής

301 1161 365 1233 ῦπδ
388 1179 582 1252 πορφυραῑσι
603 1171 725 1252 χαίταις

239 1274 279 1334 12
303 1268 509 1356 ἐλεφάντινον
531 1277 694 1360 μέτωπον.

304 1378 339 1447 τό
361 1377 542 1466 μεσόφρυον
565 1383 602 1448 δὲ
625 1377 668 1468 μή
689 1407 742 1466 μοι

305 1485 458 1556 διάκοπτε
481 1484 561 1575 μήτε
582 1491 685 1574 μίσγε,

302 1596 402 1682 ἐχέτω
426 1592 468 1675 δ’,
492 1589 583 1672 ὅπως
605 1595 724 1681 ἐκείνη,

301 1700 339 1770 τό
362 1697 547 1788 λεληθότως
570 1697 719 1787 σόνοφρν,

239 1811 277 1873 17
301 1806 472 1895 βλεφάρων
496 1809 567 1876 ίτυν
589 1806 751 1895 κελαινήν.

302 1913 340 1985 τό
364 1919 401 1984 δὲ
424 1919 547 2002 βλέμμα
569 1923 628 1983 νῦν
650 1912 782 2002 άληθῶς

303 2021 368 2092 άπδ
390 2033 450 2090 τοῦ
471 2018 573 2108 πυρός
595 2026 744 2110 ποίησον,

303 2126 366 2217 ἅμα
388 2128 528 2216 γλαυκόν
550 2128 595 2205 ὡς
620 2126 769 2218 Ἀθήνης,

237 2239 277 2302 21
303 2234 366 2325 ἱίμα
395 2233 427 2304 δ’
451 2233 550 2323 ὑγρόν
576 2233 621 2313 ιός
645 2234 806 2325 Κυθήρης.

302 2342 403 2432 γράφε
426 2341 499 2429 ῥῖνα
521 2347 574 2412 καί
597 2343 732 2430 παρειάς

303 2449 385 2538 ῥόδα
407 2459 456 2541 τῷ
478 2447 612 2537 γάλακτι
633 2455 737 2538 μίξας,

303 2558 404 2647 γράφε
426 2567 542 2646 χεῖλος,
567 2555 619 2627 οἷα
645 2565 797 2643 Πειθοῦς,

239 2669 279 2730 25
303 2665 565 2754 προκαλούμενον
587 2670 720 2753 φίλημα,

304 2781 463 2861 τρυφεροῦ
487 2773 519 2842 δ’
543 2772 607 2843 ἔσω
629 2777 753 2859 γενείου

304 2887 378 2968 περί
400 2886 540 2972 λυγδίνφ
562 2879 711 2969 τραχήλῳ

241 2993 282 3054 28
308 2987 444 3076 Χάριτες
466 2997 613 3078 πετήατο
636 2995 746 3056 πᾶσαι.

306 3094 451 3165 στόλισον
473 3093 511 3164 τό
534 3094 648 3165 λοιπόν
671 3094 771 3183 αὐτήν

305 3201 559 3291 ῦποπορφόροισι
581 3208 728 3287 πέπλοις,

306 3316 499 3398 διαφαινέτω
524 3316 559 3380 δὲ
584 3317 712 3396 σαρκῶν

240 3419 282 3484 32
306 3416 414 3504 ὀλίγον
436 3418 475 3486 τό
499 3416 575 3505 σῶμ’
599 3419 737 3504 ἐλέγχον.

306 3523 430 3611 ἀπέχει·
452 3531 564 3608 βλέπω
587 3525 647 3612 γάρ
670 3521 782 3612 αῦτήν·

240 3634 283 3698 34
305 3630 400 3718 τάχα,
423 3637 514 3720 κηρέ,
538 3637 591 3701 καί
613 3629 769 3721 λαλήσεις.

938 735 1047 824 Γράφε
1068 765 1122 825 μοι
1145 737 1317 811 Βάθυλλον
1338 739 1426 812 οὕτω

897 846 916 906 2
940 841 1000 912 τόν
1023 845 1163 934 ἑταῖρον,
1188 845 1232 926 σός
1256 847 1413 918 διδάσκω.

940 951 1075 1037 λιπαράς
1097 950 1197 1040 κόμας
1219 960 1369 1044 ποίησον,

940 1061 981 1128 τά
1003 1062 1063 1146 μέν
1085 1061 1225 1129 ἔνδοθεν
1246 1067 1404 1149 μελαίνας,

898 1171 916 1230 5
940 1165 981 1236 τά
1005 1165 1037 1234 δ’
1062 1169 1095 1245 ἐς
1118 1165 1217 1254 άκρον
1240 1166 1391 1256 ήλιιόσας·

941 1276 1046 1354 έλικας
1070 1274 1099 1344 δ
1123 1279 1313 1362 ἐλευθέρους
1334 1303 1388 1363 μοι

940 1382 1118 1470 πλοκάμων
1140 1380 1264 1453 ἄτακτα
1287 1388 1416 1462 συνθείς

896 1491 916 1550 8
939 1485 1034 1573 άφες,
1058 1488 1103 1569 ως
1126 1495 1258 1576 θέλωσι,
1282 1500 1423 1559 κεῖσθαι.

940 1593 1066 1664 άπαλόν
1090 1601 1127 1664 δὲ
1152 1601 1206 1666 καί
1230 1602 1394 1684 δροσῦδες

943 1708 1086 1788 στεφέτω
1108 1708 1259 1789 μέτωπον
1281 1701 1381 1790 ὀφρῦς

879 1810 917 1874 11
941 1815 1128 1898 κυανωτέρη
1152 1809 1349 1897 δρακόντων.

941 1921 1040 2003 μέλαν
1062 1915 1147 2004 όμμα
1168 1916 1287 2006 γοργόν
1310 1916 1393 1988 ἔστω

940 2028 1174 2110 κεκερασμένου
1195 2023 1332 2113 γαλήνῃ,

938 2130 976 2198 τά
999 2133 1058 2214 μὲν
1080 2131 1115 2214 ἐξ
1137 2128 1260 2218 ’Ἄρηος
1283 2132 1386 2218 ἕλκον,

940 2233 979 2305 τό
1004 2239 1041 2304 δὲ
1064 2245 1122 2324 τῆς
1144 2245 1243 2326 καλῆς
1266 2237 1430 2328 Κυθήρής,

941 2345 993 2412 ἵνα
1015 2370 1065 2421 τις
1086 2341 1125 2412 τό
1148 2348 1207 2430 μέν
1229 2354 1378 2436 φοβῆται,

876 2454 915 2515 17
939 2451 978 2520 τό
1002 2449 1031 2518 δ
1054 2449 1108 2519 ἀπ’
1131 2454 1263 2532 ἐλπίδος
1284 2463 1447 2542 κρεμᾶται.

941 2555 1074 2646 ῥαδινήν
1097 2556 1135 2644 δ,
1160 2557 1257 2628 ὁποῖα
1280 2568 1390 2648 μήλου,

942 2668 1056 2753 χνοΐηυ
1079 2669 1164 2733 ποίει
1187 2664 1336 2756 παρειήν·

945 2770 1090 2860 ἐρύθημα
1114 2770 1142 2841 δ’
1166 2773 1211 2853 ὡς
1233 2772 1273 2844 άν
1295 2777 1426 2862 Αἰδοῦς,

877 2883 917 2944 21
943 2877 1052 2949 δῦναδ
1075 2883 1106 2949 εί
1125 2889 1244 2964 βαλεῖν.
1268 2886 1411 2969 ποίησον.

943 2987 982 3056 τό
1007 2991 1043 3055 δὲ
1065 2996 1172 3074 χεῖλος
1194 2987 1299 3057 οὐκέτ’
1322 2986 1396 3057 οίδα

940 3099 1003 3162 τίνι
1025 3122 1079 3182 μοι
1101 3093 1214 3186 τρόπφ
1237 3093 1388 3184 ποιήσεις·

944 3199 1069 3272 άπαλδν
1092 3193 1189 3290 γέμον
1211 3230 1247 3271 τε
1272 3208 1427 3280 Πειθοῦς·

942 3308 980 3376 τδ
1004 3311 1040 3376 δὲ
1064 3317 1131 3378 πᾶν
1152 3307 1172 3377 0‘
1195 3306 1294 3397 κηρός
1316 3307 1413 3386 αὐτὸς

877 3416 918 3479 26
943 3415 1043 3500 ἐχέτω
1067 3423 1175 3484 λαλῶν
1198 3425 1310 3502 σιωπή.

943 3519 1023 3609 μετά
1047 3527 1084 3590 δὲ
1108 3521 1284 3611 πρόσωπον
1308 3524 1390 3591 ἔστω

939 3628 998 3697 τόν
1019 3627 1192 3709 Ἀδώνιδος
1214 3627 1390 3718 παρελθόν

176 3899 245 3948 ραιαι
262 3879 293 3932 Ρ.
313 3911 347 3920 -
369 3881 400 3934 16
419 3878 566 3946 λεληθότοσ
584 3897 648 3933 cum
672 3899 693 3930 ω
716 3896 801 3949 supra
826 3896 857 3929 οο
874 3876 905 3932 Ρ.
929 3907 962 3916 -
986 3875 1102 3946 οάνοφρυ
1126 3875 1294 3947 Stephanus]
1318 3875 1450 3945 οάνοφρυι·

178 3967 205 4022 Ρ.
224 4001 257 4010 -
278 3971 312 4023 22
332 3970 392 4040 ῥῖνα
411 3967 581 4039 Stephanus]
601 3969 679 4038 ῥῖναο
698 3968 726 4021 P.
747 4000 779 4008 -
800 3966 889 4032 23τῷ
909 3959 1079 4034 δίπρλιόασε]
1107 3963 1138 4016 τὸ
1157 3964 1187 4018 P.
1216 3997 1250 4004 -
1269 3964 1304 4018 28
1330 3966 1450 4032 πετῷντο

178 4056 283 4130 Εἰλαλεε]
303 4061 459 4128 πίτῶντφιι)
479 4076 543 4112 oum
563 4079 577 4110 ο
596 4074 681 4127 supra
700 4077 711 4110 ε
730 4056 764 4116 P.
784 4058 909 4108 πέτοιντο
927 4053 948 4106 Ρ
967 4052 997 4105 in
1016 4071 1103 4122 marg.

245 4150 281 4205 16
304 4149 322 4202 4
345 4149 378 4200 τὰ
401 4149 451 4217 μὲν
476 4147 581 4217 steph]
606 4146 653 4203 τὰς
674 4148 723 4212 μὲν
742 4147 772 4200 P.
793 4177 825 4184 -
846 4145 861 4198 5
880 4143 913 4195 τὰ
937 4140 960 4194 δ’
980 4140 1086 4211 steph]
1106 4145 1154 4197 τὰς
1172 4139 1195 4192 δ’
1214 4141 1244 4193 Ρ.
1264 4172 1297 4182 -
1319 4142 1351 4194 14
1374 4139 1450 4194 ἕλκον

174 4238 282 4309 steph]
302 4236 385 4290 ἕλκων
403 4237 433 4292 Ρ.
454 4269 487 4278 --
509 4237 667 4308 16φοῇται
678 4235 783 4306 steph]
803 4235 924 4305 φοβεῖται
936 4233 964 4286 Ρ.
983 4261 1016 4270 -
1039 4231 1069 4282 17
1089 4229 1120 4282 τὸ
1140 4227 1163 4281 δ’
1182 4229 1289 4301 steph]
1310 4231 1358 4316 τοῦ
1376 4229 1400 4283 δ’
1418 4230 1449 4285 Ρ.

173 4359 207 4368 -
219 4326 467 4399 κρεμᾶταιδῒθρὴ]
487 4330 617 4398 κρέμαται
635 4327 665 4380 Ρ.
686 4357 717 4366 -
740 4327 773 4380 18
791 4322 899 4396 ῥαδινήν
917 4339 980 4376 cum
1000 4322 1012 4372 ί
1031 4337 1115 4388 supra
1133 4339 1159 4370 ιν
1177 4318 1207 4374 P.
1218 4350 1252 4359 -
1263 4320 1296 4372 21
1318 4316 1409 4373 δύνατ’
1428 4315 1453 4372 εἰ

173 4417 256 4488 Rosa]
277 4414 388 4470 δύνασαι
407 4417 436 4472 P.
461 4447 493 4456 -
517 4416 552 4468 23
574 4416 691 4482 ποιήσειε
710 4433 773 4470 cum
793 4436 808 4481 η
832 4429 917 4482 supra
936 4431 957 4463 ει
977 4408 1007 4462 Ρ.
1033 4439 1065 4447 -
1085 4409 1120 4460 24
1139 4428 1166 4460 τε
1186 4407 1293 4479 steph]
1316 4407 1345 4462 τὸ
1367 4407 1395 4462 P.
1416 4443 1450 4451 -

175 4507 209 4560 27
229 4508 297 4576 μέγα
316 4524 380 4560 cum
398 4525 413 4557 τ
433 4522 517 4575 supra
535 4526 550 4576 γ
560 4505 590 4570 Ρ,
601 4505 741 4573 μετὰΡία
751 4521 839 4573 marg.
859 4535 892 4544 -
912 4502 946 4556 28
965 4499 1013 4551 τὸν
1022 4494 1158 4554 Ἀδώνιδος
1180 4496 1328 4572 παρελθὼν
1347 4496 1451 4556 Salma-
