3230 5040
720 158 917 220 ..2-

171 337 232 401 alio
265 335 409 419 exemplo
440 337 640 400 transtulisse
673 342 727 400 aut
758 337 792 398 in
822 336 1002 418 archetypo,
1036 335 1120 418 quod
1153 335 1354 418 describeret,
1382 356 1451 420 rep-

170 447 289 530 perisse
311 444 501 526 suspicatur,
533 444 716 526 praesertim
745 462 818 505 cum
845 443 1052 505 correctiones
1080 443 1132 505 uel
1164 443 1270 526 potius
1301 443 1450 507 lectiones

171 554 275 616 uarias
302 552 337 612 in
365 549 484 631 codice,
512 545 608 632 quem
634 550 702 632 ipse
725 548 856 613 Parisiis
884 568 967 612 anno
993 550 1078 612 1883
1106 549 1246 632 inspexi,
1274 548 1314 612 ab
1341 550 1450 615 eadem

170 679 282 741 manu,
310 675 402 740 quae*
418 661 542 734 textum
570 637 726 738 1111111111,
755 661 849 740 atque
876 655 985 719 eodem
1013 661 1186 719 atramento
1220 657 1351 740 scriptas
1383 676 1451 723 esse

170 767 250 830 mihi
273 768 422 835 constet:
503 794 516 834 τ·
1060 756 1063 762 ’
1250 751 1256 758 ’

261 870 418 947 Quoniam
446 869 547 932 codex
569 870 734 936 Palatinus
762 889 827 933 non
853 876 924 954 post
952 869 1114 934 saeculum
1140 869 1192 936 XI
1219 877 1366 937 exaratus
1395 881 1451 956 est,

172 979 369 1061 anthologiae
392 979 627 1042 anacreonticae
650 983 808 1041 auctorem
832 978 956 1040 saeculo
972 974 1022 1040 XI
1045 980 1250 1048 recentiorem
1273 999 1335 1043 non
1353 981 1451 1046 fuisse

172 1093 310 1172 apparet,
335 1089 429 1168 atque
452 1104 525 1149 cum
548 1104 674 1148 carmen
698 1089 846 1167 quartum
869 1091 960 1148 exeat
982 1085 1016 1147 in
1039 1105 1152 1149 uersus
1175 1087 1317 1170 politicos
1342 1089 1384 1170 (4,
1410 1089 1450 1152 10

171 1231 213 1240 -
239 1193 572 1276 retinendarum
599 1191 724 1254 saeculo
747 1189 797 1253 IX
825 1192 1035 1276 antiquiorem
1062 1211 1126 1256 non
1153 1194 1251 1258 fuisse
1277 1195 1451 1258 uerisimile

171 1306 226 1382 est,
250 1300 429 1383 siquidem
453 1299 578 1362 nullum
602 1298 707 1361 adhuc
729 1298 901 1380 uestigium
924 1317 1074 1362 uersuum
1098 1300 1298 1383 politicorum
1322 1307 1393 1366 ante
1415 1302 1449 1365 id

171 1413 295 1490 tempus
319 1407 517 1469 conditorum
540 1406 725 1488 indagatum
748 1409 802 1468 est.
849 1399 1074 1488 Antiquissimi
1090 1409 1173 1470 enim
1195 1427 1307 1472 uersus
1323 1410 1449 1494 politici,

172 1515 227 1598 qui
251 1519 382 1577 aetatem
406 1513 556 1592 unierunt,
580 1517 750 1575 occurrunt
772 1513 806 1573 in
823 1510 1021 1575 Constantini
1036 1493 1298 1598 Porphyrogeniti
1314 1515 1449 1596 hymnis,

172 1622 208 1685 cf.
241 1617 521 1706 ἐξαποστειλάριον
552 1620 586 1681 in
620 1619 746 1686 Christii
782 1624 812 1683 11
844 1618 1020 1682 Paranilrae
1056 1620 1236 1704 anthologia
1273 1623 1449 1685 carminum

172 1729 505 1810 christianorumpug.
533 1728 597 1793 110
620 1747 688 1810 sqq.

259 1835 298 1899 In
326 1835 528 1918 segregandis
556 1838 719 1912 autem-et
751 1833 953 1916 disponendis
986 1834 1120 1916 singulis
1148 1835 1447 1916 Anacreontecrum‚

173 1961 254 2027 quae
284 1940 467 2024 collectione
493 1941 639 2004 Palatina
665 1941 878 2016 continentur,
906 1940 1049 2024 partibus
1082 1961 1156 2005 cum
1190 1943 1334 2007 homines
1368 1943 1451 2006 docti

170 2049 326 2133 imprimis
353 2048 459 2112 indole
485 2051 702 2132 poematorum
728 2053 869 2130 respecta
900 2067 1012 2132 parum
1045 2049 1213 2131 proiecisse
1247 2049 1450 2132 uideantur*)‚

172 2176 256 2220 noua
268 2155 410 2219 subsidia
426 2154 707 2238 circumspicienda
723 2160 805 2236 sunt,
822 2153 939 2239 quibus
957 2156 991 2216 in
1007 2175 1042 2220 re
1054 2156 1239 2219 difficillima
1255 2156 1451 2220 adiuuemur.

171 2263 278 2346 Atque
310 2263 461 2346 quoniam
491 2263 593 2345 prima
625 2264 730 2325 statim
757 2263 860 2346 specie
887 2269 1014 2346 apparet
1045 2264 1285 2346 anthologistam
1312 2264 1346 2326 in
1371 2262 1452 2326 ordi·

172 2369 285 2433 111111
324 2368 517 2433 carminibus
555 2370 677 2434 nullam
711 2370 852 2452 regulam
891 2375 1082 2434 constanter·
1108 2379 1250 2435 secutum
1288 2389 1356 2434 esse
1390 2372 1453 2434 nisi

174 2477 257 2561 quod
290 2477 479 2560 aliquotiens
519 2477 659 2540 carmina
692 2483 819 2560 propter
852 2476 955 2540 simile
987 2483 1210 2560 argumentum
1243 2478 1351 2540 uicina
1385 2496 1453 2540 esse

172 2583 329 2665 uoluit**)
353 2585 507 2668 suspicari
529 2584 613 2659 licet,
647 2586 675 2648 11
697 2584 776 2647 forte
804 2583 962 2658 acciderit,
990 2588 1026 2646 ut
1058 2584 1269 2667 complurium
1301 2583 1355 2646 ille
1387 2603 1453 2646 car·

173 2692 296 2754 minum
320 2693 429 2754 seriem
455 2691 508 2755 uel
531 2709 571 2754 ex
591 2692 768 2775 antiquiore
783 2691 890 2776 aliqua
906 2690 1061 2754 eiusmodi
1077 2692 1254 2754 carminum
1270 2691 1453 2754 collectione

173 2798 225 2861 uel
249 2816 289 2860 111
311 2799 408 2862 unius
430 2803 543 2881 poetae
566 2799 743 2861 carminum
767 2817 895 2882 corpore
919 2797 1107 2870 desumeret‚
1132 2817 1169 2861 11
1192 2800 1333 2861 carmina
1355 2817 1396 2861 ne
1418 2799 1453 2860 in

106 2922 109 2927 ·
174 2906 290 2969 codicis
313 2886 449 2967 Palatini
473 2904 601 2988 quidem
633 2905 812 2988 anthologia
835 2905 977 2968 consulto
1007 2904 1163 2967 disiuncta
1191 2910 1305 2969 extare.
1351 2903 1453 2988 Igitur

174 3011 422 3076 examinandum
446 3017 506 3094 est,
534 3032 616 3097 quae
638 3014 815 3096 argumenti
839 3019 893 3076 aut
916 3013 1066 3075 orationis
1089 3012 1222 3074 metriue
1249 3013 1453 3096 proprietates

185 3253 187 3258 Ι
245 3187 271 3256 *)
290 3185 331 3241 111
350 3186 510 3240 Theodorus
528 3186 621 3256 Bergk
641 3187 754 3257 quidem
772 3187 800 3241 in
818 3187 890 3242 Hist.
901 3186 968 3241 nite.
985 3186 1080 3242 Graec.
1091 3188 1117 3241 Il
1129 3186 1197 3240 1888
1216 3203 1301 3257 pagg.
1313 3187 1364 3241 352
1384 3203 1451 3256 sqq,

175 3293 192 3330 1
216 3293 271 3345 quc
296 3292 352 3328 non
376 3276 497 3329 multum
521 3276 662 3346 discrepat
685 3276 821 3331 Henricus
844 3277 930 3332 Flaoh
952 3276 982 3330 in
1000 3275 1070 3330 Hist.
1089 3275 1167 3330 Poes.
1187 3275 1247 3345 Lyr.
1269 3275 1314 3332 Gr.
1334 3277 1359 3330 11
1384 3275 1453 3330 1884

174 3383 259 3436 pagg.
280 3365 332 3420 550
351 3382 420 3434 sqq„
438 3382 496 3418 rem
515 3381 567 3418 acu
586 3365 714 3435 tetigisse
742 3365 811 3419 mihi
843 3365 968 3429 uidetur,
993 3382 1055 3419 curn
1084 3365 1279 3436 anthologiam
1297 3367 1454 3422 Anacreon-

175 3460 285 3510 teorum
309 3453 405 3509 codice
424 3454 554 3509 Palatino
573 3461 714 3510 seruatam
737 3455 777 3510 ita
801 3457 890 3509 ortam
913 3471 972 3509 esse
996 3455 1149 3520 coniceret,
1173 3459 1206 3510 ut
1228 3456 1298 3510 duas
1322 3455 1452 3525 syllegae,

175 3545 295 3599 alteram
312 3542 540 3614 hemiambicam,
560 3545 678 3599 alteram
698 3545 933 3609 anacreonticum,
958 3561 1075 3614 quarum
1094 3561 1128 3598 ex
1146 3544 1239 3614 priore
1257 3544 1314 3598 iam
1334 3541 1453 3598 Gellium

174 3633 300 3688 hausisse
320 3631 478 3704 suspicatus
501 3638 557 3699 est,
580 3633 611 3687 in
633 3650 719 3686 unam
738 3632 902 3687 confluxisse
920 3636 1065 3688 statueret.
1110 3633 1149 3688 At
1166 3632 1237 3688 illud
1254 3650 1312 3687 non
1331 3629 1453 3700 contigit

177 3724 307 3794 Rergkio,
335 3727 368 3778 ut
395 3724 594 3789 demonstaret,
624 3739 681 3792 qua
707 3721 816 3777 ratione
844 3723 945 3777 ductus
982 3721 1163 3792 anthologiae
1195 3721 1453 3775 Anacreonteomm

176 3816 275 3868 auctor
299 3830 332 3868 ex
355 3813 463 3866 duabus
485 3811 541 3865 11111
565 3810 719 3867 carminum
744 3811 877 3866 classibus
901 3811 968 3865 olim
991 3811 1130 3866 distinctis
1150 3826 1235 3863 unam
1254 3807 1454 3863 confusaneam

177 3902 332 3955 carminum
350 3901 495 3957 materiem
513 3901 655 3956 effecisset.
676 3934 709 3942 —-
734 3902 826 3955 Aliam
850 3900 935 3955 iirisse
959 3900 1132 3955 collectionis
1151 3898 1298 3954 Palatinae
1317 3897 1455 3970 originem

176 3989 236 4060 ipse
258 3990 332 4044 inira
354 3991 468 4044 docebo.
506 3989 682 4059 Quamquam
707 3990 766 4045 ficri
789 3994 896 4060 potest,
919 3993 953 4043 ut
972 3989 1057 4044 alicui
1075 4007 1140 4044 cum
1158 3987 1271 4060 Bergkii
1295 3990 1456 4045 coniectura

176 4078 205 4132 id
219 4079 364 4134 concinere
382 4080 523 4144 uideatur,
547 4081 622 4148 quod
640 4080 669 4134 in
688 4079 782 4136 codice
800 4078 929 4134 Palatino
947 4078 1054 4149 legitur
1072 4079 1171 4134 titulus
1189 4077 1247 4133 hic:
1269 4077 1455 4148 Ἀνακρέοντος

179 4165 261 4234 Τηΐου
280 4169 447 4236 συμποσιακά
466 4168 607 4240 aaronem,
627 4186 710 4238 quem
731 4170 767 4223 ad
784 4167 899 4239 Bergkii
918 4169 1045 4238 syllogen
1063 4167 1139 4222 illam
1156 4171 1282 4223 ueterem
1310 4184 1455 4223 anacreon·

176 4255 262 4326 ticam
281 4256 386 4328 optime
405 4258 541 4327 quadrare
560 4262 685 4328 apparet.
728 4257 865 4328 Equidem
883 4257 1018 4329 ἡμιάμβιο
1042 4258 1181 4327 glossema
1199 4276 1256 4315 esse
1274 4257 1305 4312 in
1323 4255 1455 4313 editionis

177 4350 317 4417 apparatu
338 4345 435 4401 critico
454 4345 589 4418 probabo.
717 4375 719 4380 ·

235 4435 275 4507 **)
294 4436 328 4490 cf.
348 4433 445 4501 Stark,
465 4435 698 4502 Quaestllnacr.
718 4453 783 4506 pag.
803 4436 846 4490 44.
