3230 5040
722 219 941 286 „18-

444 393 475 481 1Ῑ
501 398 529 478 1,
555 397 587 481 81
968 402 1000 469 οἱ
1023 405 1060 469 δὲ
1085 397 1213 488 Κλάρον
1236 399 1310 491 παρ’
1333 399 1448 492 ὄχθαις

156 535 162 547 ’
248 538 290 606 10
318 545 388 606 Τοῦ
410 536 539 664 αὐτοῦ.
563 541 617 618 είς
633 537 777 626 Ἔρωτα
969 508 1202 686 Ξὲῗὲίφῖἴὲε
1217 516 1339 686 Φὲἑίῗοθυ

332 704 339 719 .
429 671 595 734 κηρινον.
925 721 1145 812 gamm
1166 643 1334 806 &amp

971 826 1035 916 ἐγώ
1059 833 1095 900 δὲ
1119 837 1181 899 τοῦ
1203 833 1327 898 Λυαίου

970 939 1023 1004 καί
1047 944 1106 1005 τοῦ
1128 935 1230 1024 μύρου
1253 941 1422 1022 κορεσθείς

968 1046 1022 1110 καί
1045 1052 1103 1132 τῆς
1126 1045 1202 1132 ἐμῆς
1226 1043 1351 1132 ἑταίρης

906 1152 946 1214 12
970 1153 1059 1219 θέλω
1082 1154 1172 1218 θέλω
1193 1158 1337 1240 μανῆναι.

323 767 447 856 Ἔρωτα
470 767 600 859 κήρινόν
627 797 676 847 τις

328 882 455 966 νεηνίης
478 875 608 946 ἐπώλει·

331 982 395 1072 ἐχοί
419 982 457 1053 δέ
481 986 512 1052 οἱ
533 987 698 1072 παραστάς

329 1088 453 1178 ,πόσου
476 1090 595 1178 θέλεις,
620 1094 713 1180 ἔφην,
738 1097 787 1161 σοί

286 1202 304 1262 5
327 1197 366 1268 τό
389 1202 512 1284 τυχθὲν
535 1200 746 1288 ἐκπρίωμαι;“

327 1307 346 1376 ὁ
369 1304 402 1375 δ’
426 1303 498 1375 εἷπε
521 1303 702 1393 δωριιίζων·

329 1410 417 1500 „stiffi
440 1410 539 1481 αὐτόν
561 1411 710 1482 ὁππόοου
732 1420 798 1500 λης,
1075 1434 1106 1518 [1
1132 1434 1160 1515 1,
1188 1433 1241 1517 10]

326 1516 418 1597 ὅπως
441 1516 481 1589 ἂν
505 1517 650 1606 ἐκμάθῃς
672 1546 730 1589 νιν.

327 1626 387 1696 οὐκ
410 1630 471 1715 εἰμί
494 1625 702 1716 κηροτὲχνης·

330 1732 397 1803 ιίλλ>
419 1732 459 1802 οὐ
481 1731 571 1803 θέλω
590 1750 750 1803 συνοικεῖν

264 1843 303 1906 11
322 1838 438 1926 Ἔρωτι
455 1838 691 1930 παντορὲκτη.“
973 1830 1065 1895 θέλω
1088 1829 1177 1894 θέλω
1200 1831 1338 1912 φιλῆσαι·

329 1949 407 2036 ,βός
429 1943 501 2034 οὖν,
526 1945 584 2026 δός
607 1945 706 2017 αὐτόν
729 1949 803 2037 ἡμῖν
969 1931 1072 2002 ἔπειθ’
1090 1929 1190 2018 Ἔρως
1212 1939 1318 2017 φιλεῖν
1340 1947 1392 2020 με’

330 2061 486 2144 δραχμῆς,
511 2052 611 2125 καλόν
634 2053 798 2125 σύνευνον.
969 2035 1033 2127 ἕλώ
1057 2037 1090 2107 δ’
1114 2041 1197 2125 ἔλων
1219 2037 1324 2126 νόημα

323 2160 435 2250 Ἔρως,
460 2162 499 2231 61}
522 2160 555 2230 δ’
579 2159 703 2240 εὐθέως
724 2189 764 2249 με
924 2148 946 2209 4
969 2144 1108 2229 ἄβουλον
1131 2145 1190 2214 οὐκ
1213 2147 1377 2231 ἐπείσθην.

328 2267 492 2356 πύρωσον·
517 2271 547 2338 εί
568 2272 605 2337 δὲ
628 2266 685 2357 μή,
710 2267 749 2336 σύ
971 2250 989 2320 ὁ
1014 2251 1046 2320 δ’
1070 2251 1152 2322 813θῦ
1175 2250 1272 2338 τόξον
1294 2248 1372 2337 ἄρας

265 2377 304 2439 16
328 2373 412 2444 κατὰ
434 2377 553 2462 φλογός
575 2374 727 2464 τακήση.“
970 2361 1024 2427 καί
1047 2364 1186 2446 maim)
1208 2363 1371 2447 φαλὲῖθλί

444 2518 474 2602 [1
500 2519 516 2580 1
553 2518 583 2603 9]
927 2467 944 2529 7
968 2463 1053 2554 μάχη
1075 2493 1115 2552 με
1137 2464 1360 2550 προύκαλεῖτο.

520 2569 527 2602 ’
968 2571 1058 2659 κάμοί
1081 2573 1190 2655 λαβών
1212 2570 1262 2641 ἐπ’
1286 2571 1383 2659 ὤμων

198 2663 235 2728 11
261 2661 327 2738 Εἰς
348 2657 484 2730 Ἄττιν.
511 2671 582 2728 τοῦ
603 2658 727 2730 αὐτοῦ.
757 2663 836 2741 (Εἰς
971 2676 1101 2765 θώρηχ’,
1126 2674 1216 2764 ὅπως
1237 2675 1413 2765 >Αχιχχεύῶ

399 2767 467 2836 τόν
484 2763 630 2848 Ἄττιν).
967 2790 1022 2854 καὶ
1046 2791 1147 2874 δοῦρα
1164 2791 1219 2856 καὶ
1240 2790 1352 2874 βοείην

333 2891 371 2960 Οἱ
393 2893 453 2977 μίν
474 2890 576 2979 καλήν
599 2890 754 2979 Κυβήβην
970 2891 1153 2981 ἐμαρνάμην
1170 2891 1293 2979 Ἔρωτι.

330 2993 389 3065 τόν
411 2995 573 3085 ἡμίβηλυν
589 2996 698 3067 Ἄττιν
906 3001 946 3064 12
972 2997 1085 3083 ἐβαλλ),
1110 2997 1174 3085 ἐγω
1197 2997 1230 3067 δ’
1255 3001 1399 3086 ἔφευγον.

330 3107 373 3173 ἐν·
388 3103 515 3192 οὔρεσιν
537 3113 666 3188 βοῶντα
971 3102 1016 3183 ως
1040 3103 1072 3173 δ’
1096 3104 1199 3175 οὐκέτ’
1223 3104 1280 3192 εἶχ’
1303 3103 1437 3190 ὀιστούς,

286 3213 307 3274 4
330 3217 477 3299 λέγουσιν
500 3213 685 3301 ἐκμανῆναι·
968 3209 1138 3301 ἤσχαλλεν,
1162 3211 1224 3282 εἷθ’
1248 3209 1364 3280 ἑαυτὸν

836 1579 877 1646 12
906 1585 975 1645 Τοῦ
997 1574 1125 1645 αὐτοῦ.
1150 1576 1203 1653 εἰς
1219 1571 1369 1660 Ἔρωτα.
1398 1578 1479 1657 (Εἰς

1070 1681 1232 1771 Ἔρωτα).

268 3388 305 3442 10
323 3389 341 3441 4
359 3409 400 3441 σοι
419 3387 449 3443 Ρ.
468 3420 502 3429 -
521 3389 538 3442 5
556 3389 587 3441 τὸ
612 3389 725 3455 τευχθὲν
752 3405 816 3442 cum
835 3387 943 3442 duobus
970 3387 1085 3457 punctis
1109 3404 1194 3456 supra
1212 3385 1333 3439 alterum
1350 3406 1367 3438 τ
1385 3387 1416 3452 Ρ,
1444 3385 1476 3438 τὸ

197 3479 297 3545 ταχθὲν
315 3496 379 3533 cum
397 3479 505 3533 duobus
523 3478 635 3548 punctis
655 3495 740 3548 supra
757 3477 835 3546 prius
854 3497 870 3528 τ
889 3477 911 3530 Ρ
929 3477 959 3530 in
977 3493 1065 3546 marg.
1086 3507 1118 3516 -
1139 3477 1155 3530 6
1175 3473 1201 3528 δ’
1224 3476 1281 3528 εἷπε
1290 3475 1322 3530 P.
1333 3477 1393 3529 -7
1413 3473 1476 3545 λοβ’

199 3565 282 3620 αυτὸν
300 3565 329 3619 Ρ.
355 3597 389 3606 -
408 3563 457 3633 λῆσ
476 3567 505 3622 Ρ.
525 3598 559 3606 -
579 3567 595 3620 8
618 3561 694 3619 ὅπωσ
713 3583 776 3619 cum
794 3587 815 3634 μ
836 3581 922 3635 supra
939 3585 961 3618 π
979 3565 1010 3619 P.
1034 3596 1067 3605 -
1092 3561 1218 3632 ἐκμάθησ
1235 3565 1266 3618 Ρ.
1290 3596 1324 3605 -
1348 3584 1389 3616 νιν
1413 3579 1478 3616 eum

197 3659 254 3709 πᾶν
282 3655 470 3726 superscripto
495 3657 526 3710 P.
555 3689 588 3696 —
617 3655 687 3725 ὅμως
715 3654 739 3709 δ’
776 3653 810 3708 ἂν
833 3654 956 3728 ἐκμάθῃς
983 3654 1040 3707 πᾶν
1072 3654 1244 3724 Stephanus,
1279 3652 1351 3711 ὅπως
1382 3649 1407 3705 δ’
1442 3649 1477 3703 ἂν

198 3745 321 3820 ἐκμάθῃς
338 3746 396 3799 πᾶν
418 3746 507 3800 Faber
529 3745 558 3799 in
581 3745 665 3800 notis.
689 3778 724 3786 -
750 3746 781 3798 1‘1
801 3747 970 3816 παντορίκτο
994 3762 1057 3798 cum
1076 3765 1092 3811 η
1111 3762 1196 3815 supra
1219 3745 1337 3799 alterum
1356 3763 1373 3795 ο
1392 3741 1422 3796 P:
1442 3773 1476 3782 —

201 3835 232 3888 12
252 3835 300 3888 οὖν
319 3837 352 3888 ολ
369 3833 481 3888 υίᾱελοτ
490 3834 520 3889 Ρ.
540 3865 574 3874 -
596 3835 628 3888 13
647 3830 789 3905 δραχμίησ)
810 3850 874 3887 cum
892 3832 997 3887 lineola
1017 3829 1101 3887 simili
1124 3832 1185 3887 iota
1208 3831 1364 3902 subscripto
1389 3829 1440 3883 sub
1460 3851 1479 3882 a

198 3924 228 3979 P.
249 3957 281 3966 —
304 3925 336 3979 15
354 3924 490 3996 πίρωοον.
510 3924 561 3993 (sio
580 3941 642 3978 oum
665 3927 772 3994 puncto
792 3923 897 3991 addito)
917 3923 947 3977 P.
967 3954 1001 3963 ·-
1023 3924 1055 3976 16
1073 3921 1174 3989 τακὴση
1193 3921 1223 3977 P.

270 4032 301 4086 ll
321 4026 394 4084 εἷστ
420 4050 497 4083 αττιν
514 4029 537 4082 Ρ
554 4029 585 4082 in
603 4046 691 4100 marg.
712 4060 745 4068 —
766 4029 782 4082 3
801 4026 888 4099 οἰίρεσι
905 4027 936 4082 P.
956 4058 990 4067 -
1010 4028 1026 4081 5
1045 4026 1107 4098 παρ’
1130 4026 1229 4095 όχθαιο
1250 4026 1279 4082 P.

270 4139 304 4193 12
324 4158 371 4191 του
390 4140 422 4191 ut
440 4136 552 4192 uidetur
570 4136 600 4190 P.
620 4170 654 4179 -
678 4135 799 4190 2ἕπειθί
822 4134 905 4206 ’Ἔρως
923 4132 1009 4203 φιλεῖν
1027 4154 1060 4202 με
1084 4133 1251 4205 Stephanus]
1277 4133 1334 4188 ἐπεὶ
1357 4134 1386 4188 19²
1413 4137 1478 4208 έριυσ

200 4227 272 4298 φιλεῖ
288 4249 322 4298 με
350 4229 380 4284 P.
409 4260 443 4268 -
472 4228 489 4281 3
516 4225 541 4279 δ’
572 4228 638 4293 έχων
665 4226 695 4280 P.
716 4227 786 4279 -4
812 4223 930 4292 ἐπίσθην
955 4241 1018 4278 oum
1045 4243 1057 4276 ε
1085 4240 1169 4292 supra
1197 4224 1256 4279 ιΡ.
1277 4255 1311 4264 -
1335 4225 1481 4293 θχρυσίην

200 4318 366 4389 Stephanus]
399 4312 506 4390 ’χρυσίην
528 4317 559 4370 P.
585 4347 619 4356 -
643 4318 658 4370 ’ί
681 4315 754 4383 μάχη
771 4315 802 4370 P.
822 4319 857 4355 -'
878 4312 1055 4386 προυκαλεῖτο
1078 4313 1108 4369 P.
1138 4344 1172 4354 -
1201 4314 1217 4368 8
1242 4313 1313 4384 ταγοὶ
1333 4313 1363 4367 P.
1384 4344 1418 4353 -
1437 4310 1478 4365 ἐπ’

200 4407 280 4476 ώμων
297 4406 328 4460 Ρ.
348 4436 382 4446 -
404 4407 435 4460 10
453 4406 543 4475 βοείην
561 4422 622 4458 cum
642 4415 653 4454 ῑ
670 4421 755 4474 supra
774 4423 786 4456 ε
804 4403 831 4472 (i.
843 4420 866 4457 e.
885 4401 961 4475 βοΐην
981 4419 1049 4456 corr.
1060 4418 1093 4455 ex
1102 4403 1203 4473 βοείην)
1221 4401 1252 4456 P.
1263 4432 1297 4440 -
1310 4400 1342 4453 12
1357 4398 1382 4453 δ’
1404 4401 1481 4469 ἐφευ-

199 4516 248 4568 γον
265 4497 295 4552 Ρ.
315 4527 349 4536 -
370 4495 403 4549 13
421 4493 465 4563 τίχ’
487 4494 592 4548 ὀῑοτοίσ
613 4493 640 4559 (i.
660 4510 683 4548 e.
704 4493 819 4563 ὀϊοτοὺο)
838 4493 868 4548 P.
888 4526 922 4533 -
943 4492 976 4545 14
994 4489 1121 4560 ηοχαλλεν
1139 4495 1172 4546 ut
1190 4490 1302 4545 uidetur
1320 4488 1351 4544 P.
1370 4521 1403 4528 —
1425 4487 1478 4542 εἷθ’
