<?xml version="1.0" encoding="UTF-8"?>
<!DOCTYPE html PUBLIC "-//W3C//DTD XHTML 1.0 Transitional//EN"
    "http://www.w3.org/TR/xhtml1/DTD/xhtml1-transitional.dtd">
<html xmlns="http://www.w3.org/1999/xhtml" xml:lang="en" lang="en">
 <head>
  <title>
</title>
<meta http-equiv="Content-Type" content="text/html;charset=utf-8" />
  <meta name='ocr-system' content='tesseract 3.04.00' />
  <meta name='ocr-capabilities' content='ocr_page ocr_carea ocr_par ocr_line ocrx_word'/>
</head>
<body>
  <div class='ocr_page' id='page_1' title='image "./anacreonteorums00anacgoog_0019.png"; bbox 0 0 3230 5040; ppageno 0'>
   <div class='ocr_carea' id='block_1_1' title="bbox 350 679 1207 780">
    <p class='ocr_par' dir='ltr' id='par_1_1' title="bbox 350 679 1207 780">
     <span class='ocr_line' id='line_1_1' title="bbox 350 679 1207 780; baseline 0.002 -25"><span class='ocrx_word' id='word_1_1' title='bbox 350 679 681 778; x_wconf 79' lang='grc' dir='ltr'>Ἀνακρέοντος</span> <span class='ocrx_word' id='word_1_2' title='bbox 713 687 855 778; x_wconf 82' lang='grc' dir='ltr'><em>Τηΐου</em></span> <span class='ocrx_word' id='word_1_3' title='bbox 889 682 1207 780; x_wconf 77' lang='grc' dir='ltr'><em>συμποσιακά.</em></span> 
     </span>
    </p>
   </div>
   <div class='ocr_carea' id='block_1_2' title="bbox 145 891 1402 2716">
    <p class='ocr_par' dir='ltr' id='par_1_2' title="bbox 145 891 1348 1859">
     <span class='ocr_line' id='line_1_2' title="bbox 145 891 1342 982; baseline 0.008 -27"><span class='ocrx_word' id='word_1_4' title='bbox 145 893 318 977; x_wconf 89' lang='lat' dir='ltr'>[Initium</span> <span class='ocrx_word' id='word_1_5' title='bbox 358 896 499 978; x_wconf 82' lang='lat' dir='ltr'>primae</span> <span class='ocrx_word' id='word_1_6' title='bbox 538 895 779 979; x_wconf 85' lang='lat' dir='ltr'>anthologiae</span> <span class='ocrx_word' id='word_1_7' title='bbox 913 896 951 964; x_wconf 85' lang='grc' dir='ltr'>τδ</span> <span class='ocrx_word' id='word_1_8' title='bbox 976 894 1009 964; x_wconf 80' lang='grc' dir='ltr'>δ’</span> <span class='ocrx_word' id='word_1_9' title='bbox 1032 891 1093 982; x_wconf 74' lang='grc' dir='ltr'>ὦς’</span> <span class='ocrx_word' id='word_1_10' title='bbox 1110 892 1342 982; x_wconf 78' lang='grc' dir='ltr'><em>Ἀνακρέοντος.</em></span> 
     </span>
     <span class='ocr_line' id='line_1_3' title="bbox 394 999 1311 1090; baseline 0.005 -25"><span class='ocrx_word' id='word_1_11' title='bbox 394 1001 525 1086; x_wconf 87' lang='lat' dir='ltr'>partis]</span> <span class='ocrx_word' id='word_1_12' title='bbox 917 1001 982 1088; x_wconf 80' lang='lat' dir='ltr'>e&#39;yci</span> <span class='ocrx_word' id='word_1_13' title='bbox 1006 1002 1039 1070; x_wconf 78' lang='grc' dir='ltr'>δ’</span> <span class='ocrx_word' id='word_1_14' title='bbox 1062 1004 1079 1070; x_wconf 86' lang='grc' dir='ltr'>ὁ</span> <span class='ocrx_word' id='word_1_15' title='bbox 1103 1004 1210 1090; x_wconf 86' lang='grc' dir='ltr'><em>μωρδς</em></span> <span class='ocrx_word' id='word_1_16' title='bbox 1233 999 1311 1088; x_wconf 77' lang='grc' dir='ltr'><em>ἄρας</em></span> 
     </span>
     <span class='ocr_line' id='line_1_4' title="bbox 851 1108 1257 1199; baseline 0.015 -27"><span class='ocrx_word' id='word_1_17' title='bbox 851 1113 891 1173; x_wconf 84' lang='grc'>15</span> <span class='ocrx_word' id='word_1_18' title='bbox 916 1108 1080 1198; x_wconf 84' lang='grc' dir='ltr'><em>ε’δησύμην</em></span> <span class='ocrx_word' id='word_1_19' title='bbox 1102 1108 1257 1199; x_wconf 77' lang='grc' dir='ltr'><em>μετώπῳ·</em></span> 
     </span>
     <span class='ocr_line' id='line_1_5' title="bbox 389 1178 1348 1306; baseline 0.002 -23"><span class='ocrx_word' id='word_1_20' title='bbox 389 1179 419 1263; x_wconf 70' lang='lat' dir='ltr'>[I</span> <span class='ocrx_word' id='word_1_21' title='bbox 446 1181 473 1261; x_wconf 65' lang='lat'>1⁵</span> <span class='ocrx_word' id='word_1_22' title='bbox 501 1178 531 1263; x_wconf 67' lang='grc'>1]</span> <span class='ocrx_word' id='word_1_23' title='bbox 915 1222 968 1286; x_wconf 82' lang='grc' dir='ltr'>καὶ</span> <span class='ocrx_word' id='word_1_24' title='bbox 993 1223 1096 1306; x_wconf 73' lang='grc' dir='ltr'><em>δῆθεν</em></span> <span class='ocrx_word' id='word_1_25' title='bbox 1119 1215 1191 1305; x_wconf 82' lang='grc' dir='ltr'><em>ἄχρι</em></span> <span class='ocrx_word' id='word_1_26' title='bbox 1213 1221 1266 1286; x_wconf 85' lang='grc' dir='ltr'>καὶ</span> <span class='ocrx_word' id='word_1_27' title='bbox 1289 1225 1348 1286; x_wconf 86' lang='grc' dir='ltr'>νῦν</span> 
     </span>
     <span class='ocr_line' id='line_1_6' title="bbox 446 1323 1294 1412; baseline 0.006 -24"><span class='ocrx_word' id='word_1_28' title='bbox 446 1324 472 1388; x_wconf 89' lang='lat' dir='ltr'>l.</span> <span class='ocrx_word' id='word_1_29' title='bbox 854 1325 893 1387; x_wconf 82' lang='grc'>17</span> <span class='ocrx_word' id='word_1_30' title='bbox 918 1326 1038 1409; x_wconf 76' lang='grc' dir='ltr'><em>ἔρωτος</em></span> <span class='ocrx_word' id='word_1_31' title='bbox 1060 1323 1099 1393; x_wconf 87' lang='grc' dir='ltr'>ού</span> <span class='ocrx_word' id='word_1_32' title='bbox 1120 1323 1294 1412; x_wconf 84' lang='grc' dir='ltr'><em>πέπαυμαι.</em></span> 
     </span>
     <span class='ocr_line' id='line_1_7' title="bbox 276 1442 620 1535; baseline 0.009 -23"><span class='ocrx_word' id='word_1_33' title='bbox 276 1442 455 1530; x_wconf 73' lang='grc' dir='ltr'><em>Ἀνακρέων</em></span> <span class='ocrx_word' id='word_1_34' title='bbox 477 1443 559 1515; x_wconf 76' lang='grc' dir='ltr'><em>ἰδών</em></span> <span class='ocrx_word' id='word_1_35' title='bbox 581 1475 620 1535; x_wconf 86' lang='grc' dir='ltr'>με</span> 
     </span>
     <span class='ocr_line' id='line_1_8' title="bbox 277 1549 582 1641; baseline 0.003 -22"><span class='ocrx_word' id='word_1_36' title='bbox 277 1551 295 1619; x_wconf 82' lang='grc' dir='ltr'>ὁ</span> <span class='ocrx_word' id='word_1_37' title='bbox 324 1549 413 1639; x_wconf 82' lang='grc' dir='ltr'><em>Τήιος</em></span> <span class='ocrx_word' id='word_1_38' title='bbox 435 1551 582 1641; x_wconf 83' lang='grc' dir='ltr'><em>μελῳδδς</em></span> 
     </span>
     <span class='ocr_line' id='line_1_9' title="bbox 277 1656 1347 1752; baseline 0.003 -27"><span class='ocrx_word' id='word_1_39' title='bbox 277 1656 356 1744; x_wconf 88' lang='grc' dir='ltr'><em>ὄναρ</em></span> <span class='ocrx_word' id='word_1_40' title='bbox 379 1657 482 1746; x_wconf 79' lang='grc' dir='ltr'><em>λέγων</em></span> <span class='ocrx_word' id='word_1_41' title='bbox 504 1677 692 1748; x_wconf 75' lang='grc' dir='ltr'><em>προσεῖπεν·</em></span> <span class='ocrx_word' id='word_1_42' title='bbox 915 1660 995 1731; x_wconf 84' lang='grc' dir='ltr'><em>Δότε</em></span> <span class='ocrx_word' id='word_1_43' title='bbox 1017 1690 1071 1749; x_wconf 86' lang='grc' dir='ltr'>μοι</span> <span class='ocrx_word' id='word_1_44' title='bbox 1094 1661 1193 1752; x_wconf 94' lang='grc' dir='ltr'><em>λύρην</em></span> <span class='ocrx_word' id='word_1_45' title='bbox 1211 1660 1347 1752; x_wconf 86' lang='grc' dir='ltr'><em>Ὁμήρου</em></span> 
     </span>
     <span class='ocr_line' id='line_1_10' title="bbox 268 1763 1331 1859; baseline 0.005 -27"><span class='ocrx_word' id='word_1_46' title='bbox 268 1763 368 1853; x_wconf 74' lang='grc' dir='ltr'>’κάγώ</span> <span class='ocrx_word' id='word_1_47' title='bbox 391 1766 523 1854; x_wconf 78' lang='grc' dir='ltr'><em>δραμοδν</em></span> <span class='ocrx_word' id='word_1_48' title='bbox 545 1766 626 1855; x_wconf 86' lang='grc' dir='ltr'><em>πρός</em></span> <span class='ocrx_word' id='word_1_49' title='bbox 649 1767 747 1838; x_wconf 77' lang='grc' dir='ltr'><em>αὐτόν</em></span> <span class='ocrx_word' id='word_1_50' title='bbox 876 1773 894 1833; x_wconf 87' lang='grc'>2</span> <span class='ocrx_word' id='word_1_51' title='bbox 918 1775 1032 1859; x_wconf 83' lang='grc' dir='ltr'><em>φονίης</em></span> <span class='ocrx_word' id='word_1_52' title='bbox 1055 1768 1175 1840; x_wconf 81' lang='grc' dir='ltr'><em>ἄνευθε</em></span> <span class='ocrx_word' id='word_1_53' title='bbox 1198 1774 1331 1857; x_wconf 81' lang='grc' dir='ltr'><em>χορδῆς·</em></span> 
     </span>
    </p>

    <p class='ocr_par' dir='ltr' id='par_1_3' title="bbox 236 1871 1402 2393">
     <span class='ocr_line' id='line_1_11' title="bbox 236 1871 1402 1965; baseline 0.004 -26"><span class='ocrx_word' id='word_1_54' title='bbox 236 1872 255 1934; x_wconf 89' lang='lat'>5</span> <span class='ocrx_word' id='word_1_55' title='bbox 278 1871 480 1961; x_wconf 67' lang='lat' dir='ltr'>repertricem</span> <span class='ocrx_word' id='word_1_56' title='bbox 503 1873 648 1965; x_wconf 79' lang='grc' dir='ltr'><em>φιλήσας.</em></span> <span class='ocrx_word' id='word_1_57' title='bbox 919 1875 997 1965; x_wconf 81' lang='grc' dir='ltr'><em>φέρε</em></span> <span class='ocrx_word' id='word_1_58' title='bbox 1020 1904 1073 1963; x_wconf 88' lang='grc' dir='ltr'>μοι</span> <span class='ocrx_word' id='word_1_59' title='bbox 1095 1875 1239 1946; x_wconf 89' lang='grc' dir='ltr'><em>κύπελλα</em></span> <span class='ocrx_word' id='word_1_60' title='bbox 1262 1884 1402 1963; x_wconf 78' lang='grc' dir='ltr'>θεσμῶν,</span> 
     </span>
     <span class='ocr_line' id='line_1_12' title="bbox 278 1978 1392 2072; baseline 0.004 -24"><span class='ocrx_word' id='word_1_61' title='bbox 278 1979 383 2067; x_wconf 84' lang='grc' dir='ltr'><em>γέρων</em></span> <span class='ocrx_word' id='word_1_62' title='bbox 405 1984 464 2067; x_wconf 78' lang='grc' dir='ltr'><em>μὲν</em></span> <span class='ocrx_word' id='word_1_63' title='bbox 486 1978 539 2070; x_wconf 80' lang='grc' dir='ltr'><em>ἦν,</em></span> <span class='ocrx_word' id='word_1_64' title='bbox 564 1982 661 2062; x_wconf 85' lang='grc' dir='ltr'><em>καλδς</em></span> <span class='ocrx_word' id='word_1_65' title='bbox 677 1989 734 2069; x_wconf 78' lang='grc' dir='ltr'>δέ,</span> <span class='ocrx_word' id='word_1_66' title='bbox 920 1983 995 2072; x_wconf 79' lang='grc' dir='ltr'><em>φέρε</em></span> <span class='ocrx_word' id='word_1_67' title='bbox 1020 2011 1073 2070; x_wconf 90' lang='grc' dir='ltr'>μοι</span> <span class='ocrx_word' id='word_1_68' title='bbox 1095 1983 1215 2071; x_wconf 89' lang='grc' dir='ltr'><em>νόμους</em></span> <span class='ocrx_word' id='word_1_69' title='bbox 1237 1983 1392 2070; x_wconf 82' lang='grc' dir='ltr'><em>κεράσσω,</em></span> 
     </span>
     <span class='ocr_line' id='line_1_13' title="bbox 278 2087 1341 2179; baseline 0.005 -24"><span class='ocrx_word' id='word_1_70' title='bbox 278 2089 376 2166; x_wconf 84' lang='grc' dir='ltr'><em>καλδς</em></span> <span class='ocrx_word' id='word_1_71' title='bbox 399 2092 436 2158; x_wconf 83' lang='grc' dir='ltr'>δὲ</span> <span class='ocrx_word' id='word_1_72' title='bbox 459 2094 513 2158; x_wconf 78' lang='grc' dir='ltr'>καὶ</span> <span class='ocrx_word' id='word_1_73' title='bbox 536 2095 697 2176; x_wconf 81' lang='grc' dir='ltr'><em>φίλευνος·</em></span> <span class='ocrx_word' id='word_1_74' title='bbox 919 2090 1053 2179; x_wconf 86' lang='grc' dir='ltr'><em>μεθύων</em></span> <span class='ocrx_word' id='word_1_75' title='bbox 1075 2087 1166 2168; x_wconf 81' lang='grc' dir='ltr'><em>ὅπως</em></span> <span class='ocrx_word' id='word_1_76' title='bbox 1187 2090 1341 2179; x_wconf 86' lang='grc' dir='ltr'>χορεύσω,</span> 
     </span>
     <span class='ocr_line' id='line_1_14' title="bbox 278 2192 1373 2286; baseline 0.003 -23"><span class='ocrx_word' id='word_1_77' title='bbox 278 2192 317 2263; x_wconf 86' lang='grc' dir='ltr'>τδ</span> <span class='ocrx_word' id='word_1_78' title='bbox 340 2203 445 2281; x_wconf 79' lang='grc' dir='ltr'><em>χεῖλος</em></span> <span class='ocrx_word' id='word_1_79' title='bbox 467 2192 550 2282; x_wconf 67' lang='lat' dir='ltr'>olgea</span> <span class='ocrx_word' id='word_1_80' title='bbox 573 2198 673 2283; x_wconf 78' lang='grc' dir='ltr'><em>οἴνου,</em></span> <span class='ocrx_word' id='word_1_81' title='bbox 919 2197 983 2267; x_wconf 85' lang='grc' dir='ltr'>ὑπό</span> <span class='ocrx_word' id='word_1_82' title='bbox 1007 2196 1173 2286; x_wconf 75' lang='grc' dir='ltr'><em>σώφρονος</em></span> <span class='ocrx_word' id='word_1_83' title='bbox 1196 2202 1233 2266; x_wconf 80' lang='grc' dir='ltr'>δὲ</span> <span class='ocrx_word' id='word_1_84' title='bbox 1257 2195 1373 2286; x_wconf 79' lang='grc' dir='ltr'><em>λύσσης</em></span> 
     </span>
     <span class='ocr_line' id='line_1_15' title="bbox 280 2299 1329 2393; baseline 0.003 -23"><span class='ocrx_word' id='word_1_85' title='bbox 280 2299 439 2390; x_wconf 83' lang='grc' dir='ltr'><em>τρέμοντα</em></span> <span class='ocrx_word' id='word_1_86' title='bbox 463 2302 491 2371; x_wconf 82' lang='grc' dir='ltr'><em>δ</em></span> <span class='ocrx_word' id='word_1_87' title='bbox 515 2301 614 2372; x_wconf 85' lang='grc' dir='ltr'><em>αύτδν</em></span> <span class='ocrx_word' id='word_1_88' title='bbox 636 2301 700 2393; x_wconf 80' lang='grc' dir='ltr'>ἤδη</span> <span class='ocrx_word' id='word_1_89' title='bbox 812 2321 813 2326; x_wconf 77' lang='grc'>’</span> <span class='ocrx_word' id='word_1_90' title='bbox 919 2305 1000 2392; x_wconf 82' lang='grc' dir='ltr'><em>μετδ</em></span> <span class='ocrx_word' id='word_1_91' title='bbox 1022 2310 1187 2392; x_wconf 79' lang='grc' dir='ltr'><em>βαρβίτων</em></span> <span class='ocrx_word' id='word_1_92' title='bbox 1209 2304 1329 2375; x_wconf 78' lang='grc' dir='ltr'><em>ἀείδων</em></span> 
     </span>
    </p>

    <p class='ocr_par' dir='ltr' id='par_1_4' title="bbox 216 2406 1352 2716">
     <span class='ocr_line' id='line_1_16' title="bbox 216 2406 1287 2501; baseline 0.008 -30"><span class='ocrx_word' id='word_1_93' title='bbox 216 2411 256 2472; x_wconf 88' lang='grc'>10</span> <span class='ocrx_word' id='word_1_94' title='bbox 274 2406 373 2496; x_wconf 77' lang='grc' dir='ltr'><em>Ἔρως</em></span> <span class='ocrx_word' id='word_1_95' title='bbox 396 2410 607 2498; x_wconf 79' lang='grc' dir='ltr'><em>ἐχειραγώγει.</em></span> <span class='ocrx_word' id='word_1_96' title='bbox 878 2416 897 2477; x_wconf 89' lang='grc'>8</span> <span class='ocrx_word' id='word_1_97' title='bbox 920 2410 958 2482; x_wconf 69' lang='lat' dir='ltr'>ro*</span> <span class='ocrx_word' id='word_1_98' title='bbox 982 2417 1149 2500; x_wconf 91' lang='grc' dir='ltr'><em>παροίνιον</em></span> <span class='ocrx_word' id='word_1_99' title='bbox 1171 2410 1287 2501; x_wconf 81' lang='grc' dir='ltr'><em>βοήσω.</em></span> 
     </span>
     <span class='ocr_line' id='line_1_17' title="bbox 281 2514 1352 2608; baseline 0.002 -24"><span class='ocrx_word' id='word_1_100' title='bbox 281 2514 300 2584; x_wconf 87' lang='grc' dir='ltr'><em>δ</em></span> <span class='ocrx_word' id='word_1_101' title='bbox 324 2516 356 2585; x_wconf 78' lang='grc' dir='ltr'>δ’</span> <span class='ocrx_word' id='word_1_102' title='bbox 380 2518 499 2604; x_wconf 76' lang='grc' dir='ltr'><em>ε’ξελων</em></span> <span class='ocrx_word' id='word_1_103' title='bbox 521 2517 662 2607; x_wconf 85' lang='grc' dir='ltr'><em>καρήνου</em></span> <span class='ocrx_word' id='word_1_104' title='bbox 891 2553 897 2562; x_wconf 89' lang='grc'>·</span> <span class='ocrx_word' id='word_1_105' title='bbox 924 2519 1000 2588; x_wconf 89' lang='grc' dir='ltr'><em>δότε</em></span> <span class='ocrx_word' id='word_1_106' title='bbox 1022 2546 1075 2606; x_wconf 86' lang='grc' dir='ltr'>μοι</span> <span class='ocrx_word' id='word_1_107' title='bbox 1099 2519 1198 2608; x_wconf 88' lang='grc' dir='ltr'><em>λύρην</em></span> <span class='ocrx_word' id='word_1_108' title='bbox 1220 2517 1352 2607; x_wconf 79' lang='grc' dir='ltr'><em>Ὁμήρου</em></span> 
     </span>
     <span class='ocr_line' id='line_1_18' title="bbox 281 2623 1327 2716; baseline 0.004 -24"><span class='ocrx_word' id='word_1_109' title='bbox 281 2625 350 2710; x_wconf 78' lang='grc' dir='ltr'><em>ἐμοὶ</em></span> <span class='ocrx_word' id='word_1_110' title='bbox 374 2623 492 2710; x_wconf 83' lang='grc' dir='ltr'><em>στέφος</em></span> <span class='ocrx_word' id='word_1_111' title='bbox 516 2630 642 2696; x_wconf 86' lang='grc' dir='ltr'><em>δίδωσι·</em></span> <span class='ocrx_word' id='word_1_112' title='bbox 858 2629 898 2692; x_wconf 88' lang='grc'>10</span> <span class='ocrx_word' id='word_1_113' title='bbox 922 2632 1036 2716; x_wconf 80' lang='grc' dir='ltr'><em>φονίης</em></span> <span class='ocrx_word' id='word_1_114' title='bbox 1058 2625 1178 2697; x_wconf 80' lang='grc' dir='ltr'><em>ἄνευθε</em></span> <span class='ocrx_word' id='word_1_115' title='bbox 1200 2633 1327 2716; x_wconf 88' lang='grc' dir='ltr'><em>χορδῆς.</em></span> 
     </span>
    </p>
   </div>
   <div class='ocr_carea' id='block_1_3' title="bbox 148 2749 361 2759">
    <p class='ocr_par' dir='ltr' id='par_1_5' title="bbox 148 2749 361 2759">
     <span class='ocr_line' id='line_1_19' title="bbox 148 2749 361 2759; baseline 0.005 -1"><span class='ocrx_word' id='word_1_116' title='bbox 148 2749 361 2759; x_wconf 48' lang='lat' dir='ltr'>——m—</span> 
     </span>
    </p>
   </div>
   <div class='ocr_carea' id='block_1_4' title="bbox 148 2800 1430 3587">
    <p class='ocr_par' dir='ltr' id='par_1_6' title="bbox 148 2800 1430 3319">
     <span class='ocr_line' id='line_1_20' title="bbox 219 2800 1427 2875; baseline 0.003 -23"><span class='ocrx_word' id='word_1_117' title='bbox 219 2800 273 2853; x_wconf 92' lang='lat' dir='ltr'>lnc.</span> <span class='ocrx_word' id='word_1_118' title='bbox 292 2816 366 2869; x_wconf 87' lang='lat' dir='ltr'>pag.</span> <span class='ocrx_word' id='word_1_119' title='bbox 386 2801 440 2858; x_wconf 76' lang='lat'>675</span> <span class='ocrx_word' id='word_1_120' title='bbox 461 2801 516 2870; x_wconf 86' lang='lat' dir='ltr'>(fol.</span> <span class='ocrx_word' id='word_1_121' title='bbox 535 2803 583 2856; x_wconf 74' lang='lat' dir='ltr'>illa</span> <span class='ocrx_word' id='word_1_122' title='bbox 607 2803 666 2858; x_wconf 88' lang='lat' dir='ltr'>eius</span> <span class='ocrx_word' id='word_1_123' title='bbox 689 2805 788 2874; x_wconf 84' lang='lat' dir='ltr'>partis,</span> <span class='ocrx_word' id='word_1_124' title='bbox 815 2821 886 2873; x_wconf 87' lang='lat' dir='ltr'>quae</span> <span class='ocrx_word' id='word_1_125' title='bbox 905 2803 1017 2858; x_wconf 87' lang='lat' dir='ltr'>Parisiis</span> <span class='ocrx_word' id='word_1_126' title='bbox 1037 2806 1204 2875; x_wconf 80' lang='lat' dir='ltr'>asseruatur)</span> <span class='ocrx_word' id='word_1_127' title='bbox 1224 2803 1326 2858; x_wconf 84' lang='lat' dir='ltr'>codicis</span> <span class='ocrx_word' id='word_1_128' title='bbox 1344 2804 1374 2858; x_wconf 86' lang='lat' dir='ltr'>P.</span> <span class='ocrx_word' id='word_1_129' title='bbox 1394 2835 1427 2842; x_wconf 96' lang='lat'>—</span> 
     </span>
     <span class='ocr_line' id='line_1_21' title="bbox 148 2885 1428 2962; baseline 0.005 -23"><span class='ocrx_word' id='word_1_130' title='bbox 148 2885 294 2958; x_wconf 80' lang='grc' dir='ltr'><em>ᾖμιάμμια,</em></span> <span class='ocrx_word' id='word_1_131' title='bbox 314 2891 389 2957; x_wconf 86' lang='lat' dir='ltr'>quod</span> <span class='ocrx_word' id='word_1_132' title='bbox 407 2890 428 2942; x_wconf 94' lang='lat' dir='ltr'>P</span> <span class='ocrx_word' id='word_1_133' title='bbox 448 2889 478 2942; x_wconf 89' lang='lat' dir='ltr'>in</span> <span class='ocrx_word' id='word_1_134' title='bbox 504 2891 558 2945; x_wconf 87' lang='lat' dir='ltr'>fine</span> <span class='ocrx_word' id='word_1_135' title='bbox 585 2891 663 2946; x_wconf 89' lang='lat' dir='ltr'>tituli</span> <span class='ocrx_word' id='word_1_136' title='bbox 691 2893 811 2962; x_wconf 78' lang='lat' dir='ltr'>exhibet,</span> <span class='ocrx_word' id='word_1_137' title='bbox 840 2893 930 2946; x_wconf 86' lang='lat' dir='ltr'>aliena</span> <span class='ocrx_word' id='word_1_138' title='bbox 948 2909 1034 2946; x_wconf 88' lang='lat' dir='ltr'>mann</span> <span class='ocrx_word' id='word_1_139' title='bbox 1053 2890 1193 2946; x_wconf 88' lang='lat' dir='ltr'>adiectum</span> <span class='ocrx_word' id='word_1_140' title='bbox 1220 2909 1278 2946; x_wconf 87' lang='lat' dir='ltr'>esse</span> <span class='ocrx_word' id='word_1_141' title='bbox 1301 2895 1428 2961; x_wconf 86' lang='lat' dir='ltr'>apparet,</span> 
     </span>
     <span class='ocr_line' id='line_1_22' title="bbox 150 2977 1428 3052; baseline 0 -20"><span class='ocrx_word' id='word_1_142' title='bbox 150 2977 291 3032; x_wconf 89' lang='lat' dir='ltr'>omittitur</span> <span class='ocrx_word' id='word_1_143' title='bbox 310 2978 385 3032; x_wconf 90' lang='lat' dir='ltr'>enim</span> <span class='ocrx_word' id='word_1_144' title='bbox 404 2997 467 3034; x_wconf 90' lang='lat' dir='ltr'>cum</span> <span class='ocrx_word' id='word_1_145' title='bbox 490 2981 518 3034; x_wconf 92' lang='lat' dir='ltr'>in</span> <span class='ocrx_word' id='word_1_146' title='bbox 542 2981 633 3036; x_wconf 89' lang='lat' dir='ltr'>indice</span> <span class='ocrx_word' id='word_1_147' title='bbox 658 2983 760 3036; x_wconf 89' lang='lat' dir='ltr'>codicis</span> <span class='ocrx_word' id='word_1_148' title='bbox 784 2981 942 3046; x_wconf 86' lang='lat' dir='ltr'>Barberini,</span> <span class='ocrx_word' id='word_1_149' title='bbox 968 2981 1018 3034; x_wconf 91' lang='lat' dir='ltr'>ubi</span> <span class='ocrx_word' id='word_1_150' title='bbox 1041 2982 1146 3050; x_wconf 85' lang='lat' dir='ltr'>legitur</span> <span class='ocrx_word' id='word_1_151' title='bbox 1162 2981 1346 3052; x_wconf 72' lang='grc' dir='ltr'><em>Ἀνακρέοντος</em></span> <span class='ocrx_word' id='word_1_152' title='bbox 1365 3002 1428 3049; x_wconf 85' lang='grc' dir='ltr'><em>σομ-</em></span> 
     </span>
     <span class='ocr_line' id='line_1_23' title="bbox 148 3068 1430 3144; baseline 0.003 -25"><span class='ocrx_word' id='word_1_153' title='bbox 148 3068 278 3131; x_wconf 85' lang='grc' dir='ltr'><em>ποσιακοὶ,</em></span> <span class='ocrx_word' id='word_1_154' title='bbox 307 3072 368 3123; x_wconf 83' lang='lat' dir='ltr'>tum</span> <span class='ocrx_word' id='word_1_155' title='bbox 396 3070 426 3123; x_wconf 89' lang='lat' dir='ltr'>in</span> <span class='ocrx_word' id='word_1_156' title='bbox 454 3072 658 3141; x_wconf 71' lang='lat' dir='ltr'><strong>subscriptione</strong></span> <span class='ocrx_word' id='word_1_157' title='bbox 687 3076 761 3143; x_wconf 84' lang='lat' dir='ltr'>(pag.</span> <span class='ocrx_word' id='word_1_158' title='bbox 787 3074 839 3128; x_wconf 83' lang='lat'>690</span> <span class='ocrx_word' id='word_1_159' title='bbox 867 3072 970 3126; x_wconf 85' lang='lat' dir='ltr'>codicis</span> <span class='ocrx_word' id='word_1_160' title='bbox 999 3072 1043 3140; x_wconf 85' lang='lat' dir='ltr'>P):</span> <span class='ocrx_word' id='word_1_161' title='bbox 1072 3070 1145 3129; x_wconf 79' lang='grc' dir='ltr'><em>τέλος</em></span> <span class='ocrx_word' id='word_1_162' title='bbox 1169 3073 1223 3125; x_wconf 80' lang='grc' dir='ltr'><em>τῶν</em></span> <span class='ocrx_word' id='word_1_163' title='bbox 1244 3073 1430 3144; x_wconf 78' lang='grc' dir='ltr'><em>Ἀνακρέοντος</em></span> 
     </span>
     <span class='ocr_line' id='line_1_24' title="bbox 149 3158 1430 3232; baseline 0.006 -25"><span class='ocrx_word' id='word_1_164' title='bbox 149 3158 740 3231; x_wconf 59' lang='lat' dir='ltr'>superannexos—Primaanthologiae</span> <span class='ocrx_word' id='word_1_165' title='bbox 754 3179 831 3232; x_wconf 87' lang='lat' dir='ltr'>pars</span> <span class='ocrx_word' id='word_1_166' title='bbox 847 3160 1092 3231; x_wconf 68' lang='lat' dir='ltr'>complectitur</span> <span class='ocrx_word' id='word_1_167' title='bbox 1108 3161 1430 3229; x_wconf 75' lang='lat' dir='ltr'>syllogenueterem</span> 
     </span>
     <span class='ocr_line' id='line_1_25' title="bbox 151 3247 1216 3319; baseline 0.001 -21"><span class='ocrx_word' id='word_1_168' title='bbox 151 3247 444 3313; x_wconf 80' lang='lat' dir='ltr'>anacreonticum,</span> <span class='ocrx_word' id='word_1_169' title='bbox 463 3248 607 3303; x_wconf 90' lang='lat' dir='ltr'>insertis</span> <span class='ocrx_word' id='word_1_170' title='bbox 627 3250 763 3319; x_wconf 87' lang='lat' dir='ltr'>aliquot</span> <span class='ocrx_word' id='word_1_171' title='bbox 783 3249 993 3304; x_wconf 78' lang='lat' dir='ltr'>carminibus</span> <span class='ocrx_word' id='word_1_172' title='bbox 1012 3247 1216 3318; x_wconf 76' lang='lat' dir='ltr'>byzantinis.</span> 
     </span>
    </p>

    <p class='ocr_par' dir='ltr' id='par_1_7' title="bbox 151 3335 1430 3587">
     <span class='ocr_line' id='line_1_26' title="bbox 223 3335 1427 3410; baseline 0.001 -21"><span class='ocrx_word' id='word_1_173' title='bbox 223 3337 237 3389; x_wconf 97' lang='lat' dir='ltr'>l</span> <span class='ocrx_word' id='word_1_174' title='bbox 260 3335 328 3389; x_wconf 92' lang='lat' dir='ltr'>Hoc</span> <span class='ocrx_word' id='word_1_175' title='bbox 352 3337 499 3392; x_wconf 84' lang='lat' dir='ltr'>carmine</span> <span class='ocrx_word' id='word_1_176' title='bbox 523 3338 699 3406; x_wconf 91' lang='lat' dir='ltr'>incipiunt</span> <span class='ocrx_word' id='word_1_177' title='bbox 722 3340 877 3410; x_wconf 84' lang='lat' dir='ltr'>sylloges</span> <span class='ocrx_word' id='word_1_178' title='bbox 901 3337 1035 3393; x_wconf 88' lang='lat' dir='ltr'>ueteris</span> <span class='ocrx_word' id='word_1_179' title='bbox 1059 3337 1330 3390; x_wconf 86' lang='lat' dir='ltr'>anacreonticae</span> <span class='ocrx_word' id='word_1_180' title='bbox 1354 3354 1427 3390; x_wconf 87' lang='lat' dir='ltr'>car·</span> 
     </span>
     <span class='ocr_line' id='line_1_27' title="bbox 151 3423 1427 3496; baseline 0.004 -21"><span class='ocrx_word' id='word_1_181' title='bbox 151 3423 240 3476; x_wconf 89' lang='lat' dir='ltr'>mina</span> <span class='ocrx_word' id='word_1_182' title='bbox 259 3423 500 3492; x_wconf 86' lang='lat' dir='ltr'>hemiambica,</span> <span class='ocrx_word' id='word_1_183' title='bbox 530 3427 794 3496; x_wconf 89' lang='lat' dir='ltr'>quaenotisll‚</span> <span class='ocrx_word' id='word_1_184' title='bbox 816 3429 838 3483; x_wconf 92' lang='lat'>1.</span> <span class='ocrx_word' id='word_1_185' title='bbox 885 3429 942 3489; x_wconf 88' lang='lat'>11,</span> <span class='ocrx_word' id='word_1_186' title='bbox 974 3427 1147 3490; x_wconf 83' lang='lat'>2...11‚</span> <span class='ocrx_word' id='word_1_187' title='bbox 1174 3427 1205 3478; x_wconf 87' lang='grc'>12</span> <span class='ocrx_word' id='word_1_188' title='bbox 1229 3425 1427 3495; x_wconf 72' lang='lat' dir='ltr'>insigniam.</span> 
     </span>
     <span class='ocr_line' id='line_1_28' title="bbox 151 3511 1430 3587; baseline 0 -19"><span class='ocrx_word' id='word_1_189' title='bbox 151 3546 185 3553; x_wconf 84' lang='lat'>-</span> <span class='ocrx_word' id='word_1_190' title='bbox 211 3516 223 3568; x_wconf 95' lang='lat' dir='ltr'>l</span> <span class='ocrx_word' id='word_1_191' title='bbox 249 3511 313 3568; x_wconf 87' lang='grc' dir='ltr'><em>ἰδών</em></span> <span class='ocrx_word' id='word_1_192' title='bbox 336 3534 400 3569; x_wconf 89' lang='lat' dir='ltr'>curn</span> <span class='ocrx_word' id='word_1_193' title='bbox 422 3517 530 3571; x_wconf 88' lang='lat' dir='ltr'>duobus</span> <span class='ocrx_word' id='word_1_194' title='bbox 549 3517 661 3587; x_wconf 90' lang='lat' dir='ltr'>punctis</span> <span class='ocrx_word' id='word_1_195' title='bbox 681 3535 763 3586; x_wconf 85' lang='lat' dir='ltr'>supra</span> <span class='ocrx_word' id='word_1_196' title='bbox 781 3541 791 3570; x_wconf 83' lang='grc' dir='ltr'><strong><em>ι</em></strong></span> <span class='ocrx_word' id='word_1_197' title='bbox 810 3518 840 3573; x_wconf 93' lang='lat' dir='ltr'>P.</span> <span class='ocrx_word' id='word_1_198' title='bbox 861 3549 894 3557; x_wconf 91' lang='lat'>-</span> <span class='ocrx_word' id='word_1_199' title='bbox 914 3519 930 3570; x_wconf 76' lang='lat'><strong>2</strong></span> <span class='ocrx_word' id='word_1_200' title='bbox 949 3513 1075 3586; x_wconf 83' lang='grc' dir='ltr'><em>μελωιδὸς</em></span> <span class='ocrx_word' id='word_1_201' title='bbox 1094 3515 1115 3568; x_wconf 93' lang='grc' dir='ltr'>Ρ</span> <span class='ocrx_word' id='word_1_202' title='bbox 1140 3517 1159 3584; x_wconf 84' lang='grc' dir='ltr'>(ι</span> <span class='ocrx_word' id='word_1_203' title='bbox 1177 3515 1268 3585; x_wconf 86' lang='lat' dir='ltr'>longis</span> <span class='ocrx_word' id='word_1_204' title='bbox 1285 3515 1430 3570; x_wconf 87' lang='lat' dir='ltr'>uocalibus</span> 
     </span>
    </p>
   </div>
   <div class='ocr_carea' id='block_1_5' title="bbox 844 1517 1360 1603">
    <p class='ocr_par' dir='ltr' id='par_1_8' title="bbox 844 1517 1360 1603">
     <span class='ocr_line' id='line_1_29' title="bbox 844 1517 1360 1603; baseline 0 -15"><span class='ocrx_word' id='word_1_205' title='bbox 844 1521 865 1588; x_wconf 71' lang='grc'>2</span> <span class='ocrx_word' id='word_1_206' title='bbox 890 1523 975 1602; x_wconf 82' lang='grc' dir='ltr'>(Τοῦ</span> <span class='ocrx_word' id='word_1_207' title='bbox 996 1517 1118 1590; x_wconf 82' lang='grc' dir='ltr'><em>αὐτοῦ</em></span> <span class='ocrx_word' id='word_1_208' title='bbox 1140 1517 1360 1603; x_wconf 80' lang='grc' dir='ltr'><em>βασιλικόν).</em></span> 
     </span>
    </p>
   </div>
   <div class='ocr_carea' id='block_1_6' title="bbox 151 3603 1433 4569">
    <p class='ocr_par' dir='ltr' id='par_1_9' title="bbox 151 3603 1433 4032">
     <span class='ocr_line' id='line_1_30' title="bbox 152 3603 1431 3674; baseline 0.001 -18"><span class='ocrx_word' id='word_1_209' title='bbox 152 3603 311 3659; x_wconf 88' lang='lat' dir='ltr'>subiectum</span> <span class='ocrx_word' id='word_1_210' title='bbox 339 3605 369 3658; x_wconf 92' lang='lat' dir='ltr'>in</span> <span class='ocrx_word' id='word_1_211' title='bbox 393 3605 415 3658; x_wconf 93' lang='lat' dir='ltr'>P</span> <span class='ocrx_word' id='word_1_212' title='bbox 438 3623 495 3660; x_wconf 91' lang='lat' dir='ltr'>non</span> <span class='ocrx_word' id='word_1_213' title='bbox 523 3607 707 3661; x_wconf 74' lang='lat' dir='ltr'>subscribitur</span> <span class='ocrx_word' id='word_1_214' title='bbox 740 3608 788 3661; x_wconf 89' lang='lat' dir='ltr'>sed</span> <span class='ocrx_word' id='word_1_215' title='bbox 811 3610 861 3660; x_wconf 90' lang='lat' dir='ltr'>aut</span> <span class='ocrx_word' id='word_1_216' title='bbox 888 3606 1056 3661; x_wconf 78' lang='lat' dir='ltr'>adscribitur</span> <span class='ocrx_word' id='word_1_217' title='bbox 1084 3609 1134 3659; x_wconf 89' lang='lat' dir='ltr'>aut</span> <span class='ocrx_word' id='word_1_218' title='bbox 1163 3604 1322 3674; x_wconf 86' lang='lat' dir='ltr'>omittitur).</span> <span class='ocrx_word' id='word_1_219' title='bbox 1352 3636 1385 3644; x_wconf 95' lang='lat'><em>-</em></span> <span class='ocrx_word' id='word_1_220' title='bbox 1415 3604 1431 3657; x_wconf 88' lang='grc'>3</span> 
     </span>
     <span class='ocr_line' id='line_1_31' title="bbox 151 3693 1432 3766; baseline 0 -20"><span class='ocrx_word' id='word_1_221' title='bbox 151 3697 296 3766; x_wconf 83' lang='grc' dir='ltr'><em>προσεῖπεν</em></span> <span class='ocrx_word' id='word_1_222' title='bbox 315 3695 483 3766; x_wconf 79' lang='lat' dir='ltr'>Stephanus]</span> <span class='ocrx_word' id='word_1_223' title='bbox 503 3695 631 3765; x_wconf 81' lang='grc' dir='ltr'><em>προεῖπεν</em></span> <span class='ocrx_word' id='word_1_224' title='bbox 650 3715 714 3751; x_wconf 91' lang='lat' dir='ltr'>cum</span> <span class='ocrx_word' id='word_1_225' title='bbox 737 3714 753 3751; x_wconf 91' lang='lat' dir='ltr'>o</span> <span class='ocrx_word' id='word_1_226' title='bbox 778 3714 863 3766; x_wconf 85' lang='lat' dir='ltr'>supra</span> <span class='ocrx_word' id='word_1_227' title='bbox 887 3697 1007 3750; x_wconf 83' lang='lat' dir='ltr'>alterum</span> <span class='ocrx_word' id='word_1_228' title='bbox 1026 3716 1037 3747; x_wconf 88' lang='grc' dir='ltr'>ε</span> <span class='ocrx_word' id='word_1_229' title='bbox 1056 3695 1086 3748; x_wconf 89' lang='grc' dir='ltr'>Ρ.</span> <span class='ocrx_word' id='word_1_230' title='bbox 1107 3727 1140 3734; x_wconf 96' lang='grc'><strong>-</strong></span> <span class='ocrx_word' id='word_1_231' title='bbox 1159 3696 1176 3748; x_wconf 86' lang='grc'>4</span> <span class='ocrx_word' id='word_1_232' title='bbox 1195 3693 1268 3764; x_wconf 82' lang='grc' dir='ltr'>καχώ</span> <span class='ocrx_word' id='word_1_233' title='bbox 1289 3697 1432 3762; x_wconf 77' lang='lat' dir='ltr'>(accentus</span> 
     </span>
     <span class='ocr_line' id='line_1_32' title="bbox 153 3782 1431 3856; baseline -0.001 -19"><span class='ocrx_word' id='word_1_234' title='bbox 153 3784 276 3838; x_wconf 89' lang='lat' dir='ltr'>cernitur</span> <span class='ocrx_word' id='word_1_235' title='bbox 294 3784 454 3854; x_wconf 85' lang='lat' dir='ltr'>uestigium)</span> <span class='ocrx_word' id='word_1_236' title='bbox 474 3785 503 3839; x_wconf 82' lang='lat' dir='ltr'>P.</span> <span class='ocrx_word' id='word_1_237' title='bbox 529 3819 561 3828; x_wconf 88' lang='lat'>-</span> <span class='ocrx_word' id='word_1_238' title='bbox 586 3788 602 3839; x_wconf 85' lang='lat'>5</span> <span class='ocrx_word' id='word_1_239' title='bbox 621 3791 681 3856; x_wconf 82' lang='grc' dir='ltr'><em>περὶ</em></span> <span class='ocrx_word' id='word_1_240' title='bbox 700 3785 730 3839; x_wconf 92' lang='lat' dir='ltr'>P.</span> <span class='ocrx_word' id='word_1_241' title='bbox 759 3819 792 3826; x_wconf 97' lang='lat'>—</span> <span class='ocrx_word' id='word_1_242' title='bbox 817 3787 833 3840; x_wconf 89' lang='grc'>6</span> <span class='ocrx_word' id='word_1_243' title='bbox 852 3786 885 3853; x_wconf 78' lang='grc' dir='ltr'><em>ἢν</em></span> <span class='ocrx_word' id='word_1_244' title='bbox 903 3785 932 3838; x_wconf 93' lang='grc' dir='ltr'>Ρ.</span> <span class='ocrx_word' id='word_1_245' title='bbox 953 3817 986 3824; x_wconf 90' lang='grc'>-</span> <span class='ocrx_word' id='word_1_246' title='bbox 1007 3786 1021 3837; x_wconf 80' lang='grc'>7</span> <span class='ocrx_word' id='word_1_247' title='bbox 1042 3782 1120 3840; x_wconf 84' lang='grc' dir='ltr'><em>καλὸς</em></span> <span class='ocrx_word' id='word_1_248' title='bbox 1143 3804 1171 3853; x_wconf 76' lang='grc' dir='ltr'>νε</span> <span class='ocrx_word' id='word_1_249' title='bbox 1191 3783 1377 3837; x_wconf 68' lang='lat' dir='ltr'>casaubonus</span> <span class='ocrx_word' id='word_1_250' title='bbox 1398 3815 1431 3822; x_wconf 96' lang='lat'><em>-</em></span> 
     </span>
     <span class='ocr_line' id='line_1_33' title="bbox 152 3871 1433 3942; baseline -0.003 -15"><span class='ocrx_word' id='word_1_251' title='bbox 152 3874 241 3927; x_wconf 84' lang='lat' dir='ltr'>Roseo</span> <span class='ocrx_word' id='word_1_252' title='bbox 261 3874 307 3928; x_wconf 92' lang='lat' dir='ltr'>hic</span> <span class='ocrx_word' id='word_1_253' title='bbox 325 3892 420 3928; x_wconf 84' lang='lat' dir='ltr'>uersus</span> <span class='ocrx_word' id='word_1_254' title='bbox 440 3875 579 3929; x_wconf 90' lang='lat' dir='ltr'>eiciendus</span> <span class='ocrx_word' id='word_1_255' title='bbox 598 3893 656 3930; x_wconf 88' lang='lat' dir='ltr'>esse</span> <span class='ocrx_word' id='word_1_256' title='bbox 675 3874 794 3930; x_wconf 86' lang='lat' dir='ltr'>uidetur.</span> <span class='ocrx_word' id='word_1_257' title='bbox 814 3908 848 3915; x_wconf 89' lang='lat'>-</span> <span class='ocrx_word' id='word_1_258' title='bbox 867 3875 884 3928; x_wconf 88' lang='grc'>8</span> <span class='ocrx_word' id='word_1_259' title='bbox 903 3871 968 3937; x_wconf 83' lang='grc' dir='ltr'><em>ὤζεν</em></span> <span class='ocrx_word' id='word_1_260' title='bbox 986 3874 1017 3930; x_wconf 88' lang='grc' dir='ltr'>Ρ,</span> <span class='ocrx_word' id='word_1_261' title='bbox 1037 3906 1070 3913; x_wconf 94' lang='grc'>-</span> <span class='ocrx_word' id='word_1_262' title='bbox 1092 3873 1124 3926; x_wconf 86' lang='grc'>13</span> <span class='ocrx_word' id='word_1_263' title='bbox 1143 3871 1187 3935; x_wconf 83' lang='grc' dir='ltr'>ὤζ’</span> <span class='ocrx_word' id='word_1_264' title='bbox 1208 3872 1238 3937; x_wconf 91' lang='grc' dir='ltr'>Ρ,</span> <span class='ocrx_word' id='word_1_265' title='bbox 1258 3871 1433 3942; x_wconf 78' lang='grc' dir='ltr'><em>ἀνακρὲοντος</em></span> 
     </span>
     <span class='ocr_line' id='line_1_34' title="bbox 154 3965 526 4032; baseline 0.005 -16"><span class='ocrx_word' id='word_1_266' title='bbox 154 3980 218 4016; x_wconf 89' lang='lat' dir='ltr'>cum</span> <span class='ocrx_word' id='word_1_267' title='bbox 236 3967 345 4032; x_wconf 89' lang='lat' dir='ltr'>punctu</span> <span class='ocrx_word' id='word_1_268' title='bbox 364 3981 448 4032; x_wconf 89' lang='lat' dir='ltr'>supra</span> <span class='ocrx_word' id='word_1_269' title='bbox 466 3985 478 4017; x_wconf 83' lang='grc' dir='ltr'>ε</span> <span class='ocrx_word' id='word_1_270' title='bbox 497 3965 526 4018; x_wconf 93' lang='grc' dir='ltr'>Ρ.</span> 
     </span>
    </p>

    <p class='ocr_par' dir='ltr' id='par_1_10' title="bbox 153 4050 1433 4569">
     <span class='ocr_line' id='line_1_35' title="bbox 224 4050 1433 4124; baseline 0 -20"><span class='ocrx_word' id='word_1_271' title='bbox 224 4053 249 4104; x_wconf 76' lang='lat'>2.</span> <span class='ocrx_word' id='word_1_272' title='bbox 278 4051 418 4108; x_wconf 84' lang='lat' dir='ltr'>Carmen</span> <span class='ocrx_word' id='word_1_273' title='bbox 445 4054 667 4124; x_wconf 84' lang='lat' dir='ltr'>byzantinum</span> <span class='ocrx_word' id='word_1_274' title='bbox 700 4055 855 4124; x_wconf 81' lang='lat' dir='ltr'>syllegae</span> <span class='ocrx_word' id='word_1_275' title='bbox 885 4051 996 4108; x_wconf 89' lang='lat' dir='ltr'>ueteri</span> <span class='ocrx_word' id='word_1_276' title='bbox 1025 4050 1298 4105; x_wconf 88' lang='lat' dir='ltr'>anacreonticae</span> <span class='ocrx_word' id='word_1_277' title='bbox 1326 4050 1433 4106; x_wconf 86' lang='lat' dir='ltr'>inser·</span> 
     </span>
     <span class='ocr_line' id='line_1_36' title="bbox 153 4139 1432 4215; baseline -0.003 -21"><span class='ocrx_word' id='word_1_278' title='bbox 153 4144 232 4194; x_wconf 82' lang='lat' dir='ltr'>tum.</span> <span class='ocrx_word' id='word_1_279' title='bbox 253 4173 286 4182; x_wconf 82' lang='lat'>-</span> <span class='ocrx_word' id='word_1_280' title='bbox 305 4145 353 4194; x_wconf 68' lang='grc' dir='ltr'>του</span> <span class='ocrx_word' id='word_1_281' title='bbox 376 4163 457 4195; x_wconf 87' lang='grc' dir='ltr'><em>αυτον</em></span> <span class='ocrx_word' id='word_1_282' title='bbox 475 4142 577 4214; x_wconf 56' lang='lat' dir='ltr'>pasalan</span> <span class='ocrx_word' id='word_1_283' title='bbox 596 4143 663 4197; x_wconf 87' lang='lat' dir='ltr'>Pin</span> <span class='ocrx_word' id='word_1_284' title='bbox 681 4161 775 4212; x_wconf 66' lang='lat' dir='ltr'>marg„</span> <span class='ocrx_word' id='word_1_285' title='bbox 799 4141 935 4215; x_wconf 76' lang='grc' dir='ltr'><em>βασιλικόν</em></span> <span class='ocrx_word' id='word_1_286' title='bbox 953 4142 1035 4205; x_wconf 74' lang='lat' dir='ltr'>Reae,</span> <span class='ocrx_word' id='word_1_287' title='bbox 1066 4139 1208 4193; x_wconf 74' lang='grc' dir='ltr'><em>Βασιλικοῧ</em></span> <span class='ocrx_word' id='word_1_288' title='bbox 1228 4140 1328 4210; x_wconf 84' lang='lat' dir='ltr'>Bergk,</span> <span class='ocrx_word' id='word_1_289' title='bbox 1352 4146 1432 4192; x_wconf 88' lang='grc' dir='ltr'><em>Βασι-</em></span> 
     </span>
     <span class='ocr_line' id='line_1_37' title="bbox 154 4215 1433 4302; baseline -0.001 -21"><span class='ocrx_word' id='word_1_290' title='bbox 154 4215 209 4282; x_wconf 75' lang='grc' dir='ltr'><em>λδου</em></span> <span class='ocrx_word' id='word_1_291' title='bbox 234 4231 353 4286; x_wconf 84' lang='lat' dir='ltr'>Brunck.</span> <span class='ocrx_word' id='word_1_292' title='bbox 396 4233 526 4302; x_wconf 85' lang='lat' dir='ltr'>(Titulos,</span> <span class='ocrx_word' id='word_1_293' title='bbox 547 4250 615 4302; x_wconf 89' lang='lat' dir='ltr'>qnos</span> <span class='ocrx_word' id='word_1_294' title='bbox 640 4232 712 4286; x_wconf 90' lang='lat' dir='ltr'>Pin</span> <span class='ocrx_word' id='word_1_295' title='bbox 730 4249 814 4300; x_wconf 83' lang='lat' dir='ltr'>marg.</span> <span class='ocrx_word' id='word_1_296' title='bbox 836 4231 960 4294; x_wconf 88' lang='lat' dir='ltr'>exhibet,</span> <span class='ocrx_word' id='word_1_297' title='bbox 989 4229 1098 4283; x_wconf 90' lang='lat' dir='ltr'>uncinis</span> <span class='ocrx_word' id='word_1_298' title='bbox 1117 4229 1238 4282; x_wconf 89' lang='lat' dir='ltr'>inclusos</span> <span class='ocrx_word' id='word_1_299' title='bbox 1266 4229 1296 4282; x_wconf 87' lang='lat' dir='ltr'>in</span> <span class='ocrx_word' id='word_1_300' title='bbox 1324 4231 1433 4282; x_wconf 86' lang='lat' dir='ltr'>textum</span> 
     </span>
     <span class='ocr_line' id='line_1_38' title="bbox 153 4314 1433 4391; baseline -0.002 -20"><span class='ocrx_word' id='word_1_301' title='bbox 153 4318 266 4389; x_wconf 84' lang='lat' dir='ltr'>recipio.</span> <span class='ocrx_word' id='word_1_302' title='bbox 287 4352 320 4360; x_wconf 89' lang='lat'><strong>—</strong></span> <span class='ocrx_word' id='word_1_303' title='bbox 340 4320 476 4386; x_wconf 88' lang='lat' dir='ltr'>Litterae,</span> <span class='ocrx_word' id='word_1_304' title='bbox 500 4339 571 4390; x_wconf 90' lang='lat' dir='ltr'>quae</span> <span class='ocrx_word' id='word_1_305' title='bbox 594 4320 624 4374; x_wconf 92' lang='lat' dir='ltr'>in</span> <span class='ocrx_word' id='word_1_306' title='bbox 647 4325 787 4391; x_wconf 90' lang='lat' dir='ltr'>apparatu</span> <span class='ocrx_word' id='word_1_307' title='bbox 812 4321 910 4374; x_wconf 90' lang='lat' dir='ltr'>critico</span> <span class='ocrx_word' id='word_1_308' title='bbox 935 4337 1019 4389; x_wconf 86' lang='lat' dir='ltr'>snpra</span> <span class='ocrx_word' id='word_1_309' title='bbox 1042 4319 1147 4372; x_wconf 89' lang='lat' dir='ltr'>lineam</span> <span class='ocrx_word' id='word_1_310' title='bbox 1170 4317 1279 4388; x_wconf 86' lang='lat' dir='ltr'>positae</span> <span class='ocrx_word' id='word_1_311' title='bbox 1302 4319 1379 4381; x_wconf 87' lang='lat' dir='ltr'>sunt,</span> <span class='ocrx_word' id='word_1_312' title='bbox 1403 4314 1433 4369; x_wconf 89' lang='lat' dir='ltr'>in</span> 
     </span>
     <span class='ocr_line' id='line_1_39' title="bbox 154 4406 1433 4480; baseline -0.003 -19"><span class='ocrx_word' id='word_1_313' title='bbox 154 4407 249 4462; x_wconf 90' lang='lat' dir='ltr'>codice</span> <span class='ocrx_word' id='word_1_314' title='bbox 268 4428 351 4480; x_wconf 87' lang='lat' dir='ltr'>supra</span> <span class='ocrx_word' id='word_1_315' title='bbox 373 4410 507 4475; x_wconf 88' lang='lat' dir='ltr'>litteram,</span> <span class='ocrx_word' id='word_1_316' title='bbox 536 4428 608 4479; x_wconf 89' lang='lat' dir='ltr'>quae</span> <span class='ocrx_word' id='word_1_317' title='bbox 631 4410 784 4480; x_wconf 88' lang='lat' dir='ltr'>praecedit,</span> <span class='ocrx_word' id='word_1_318' title='bbox 812 4409 1014 4478; x_wconf 82' lang='lat' dir='ltr'>superscriptae</span> <span class='ocrx_word' id='word_1_319' title='bbox 1039 4411 1122 4477; x_wconf 75' lang='lat' dir='ltr'>sunt).</span> <span class='ocrx_word' id='word_1_320' title='bbox 1153 4441 1186 4449; x_wconf 89' lang='lat'>—</span> <span class='ocrx_word' id='word_1_321' title='bbox 1216 4406 1384 4474; x_wconf 74' lang='grc' dir='ltr'><em>λφονίησΡ</em></span> <span class='ocrx_word' id='word_1_322' title='bbox 1409 4406 1433 4476; x_wconf 82' lang='grc' dir='ltr'>(ο</span> 
     </span>
     <span class='ocr_line' id='line_1_40' title="bbox 154 4495 1279 4569; baseline -0.005 -15"><span class='ocrx_word' id='word_1_323' title='bbox 154 4499 216 4556; x_wconf 89' lang='lat' dir='ltr'>loco</span> <span class='ocrx_word' id='word_1_324' title='bbox 235 4498 347 4558; x_wconf 87' lang='lat' dir='ltr'>litterae</span> <span class='ocrx_word' id='word_1_325' title='bbox 366 4517 472 4565; x_wconf 88' lang='lat' dir='ltr'>erasae,</span> <span class='ocrx_word' id='word_1_326' title='bbox 493 4517 565 4569; x_wconf 87' lang='lat' dir='ltr'>quae</span> <span class='ocrx_word' id='word_1_327' title='bbox 584 4521 604 4552; x_wconf 87' lang='grc' dir='ltr'><em>ω</em></span> <span class='ocrx_word' id='word_1_328' title='bbox 622 4499 706 4554; x_wconf 88' lang='lat' dir='ltr'>fuisse</span> <span class='ocrx_word' id='word_1_329' title='bbox 724 4499 848 4564; x_wconf 89' lang='lat' dir='ltr'>uidetur,</span> <span class='ocrx_word' id='word_1_330' title='bbox 867 4498 991 4568; x_wconf 89' lang='lat' dir='ltr'>positum</span> <span class='ocrx_word' id='word_1_331' title='bbox 1010 4501 1069 4566; x_wconf 89' lang='lat' dir='ltr'>est).</span> <span class='ocrx_word' id='word_1_332' title='bbox 1090 4529 1123 4536; x_wconf 87' lang='lat'><em>-</em></span> <span class='ocrx_word' id='word_1_333' title='bbox 1143 4498 1159 4550; x_wconf 92' lang='grc'><strong>6</strong></span> <span class='ocrx_word' id='word_1_334' title='bbox 1178 4495 1230 4548; x_wconf 77' lang='grc' dir='ltr'>ὑπο</span> <span class='ocrx_word' id='word_1_335' title='bbox 1249 4495 1279 4548; x_wconf 88' lang='lat' dir='ltr'>P.</span> 
     </span>
    </p>
   </div>
   <div class='ocr_carea' id='block_1_7' title="bbox 0 0 1637 5040">
    <p class='ocr_par' dir='ltr' id='par_1_11' title="bbox 0 0 1637 5040">
     <span class='ocr_line' id='line_1_41' title="bbox 0 0 1637 5040; baseline 0 0"><span class='ocrx_word' id='word_1_336' title='bbox 0 0 1637 5040; x_wconf 95' lang='lat' dir='ltr'> </span> 
     </span>
    </p>
   </div>
  </div>
 </body>
</html>
