3230 5040
716 159 913 220 -4..

176 359 273 426 quam
294 339 362 423 ipse
383 335 496 401 titulus
507 331 607 418 (dato.
631 337 677 414 εἰς
698 333 737 403 td
760 331 839 404 αι’τό
858 332 1015 422 ποτήριον
1029 344 1090 403 τοῦ
1104 331 1207 405 αὐτοῦ
1219 334 1455 424 Ἀνακρέοντος)

175 447 354 532 profitetur,
378 445 520 508 additum
544 462 613 507 esse
636 444 765 506 conicio.

264 552 423 616 Videntur
459 556 565 614 autem
599 549 765 613 duodecim
802 551 857 614 illa
895 552 1035 614 cannino
1061 550 1270 615 hemiambica
1299 553 1338 633 (1.
1370 555 1400 622 3.
1434 555 1455 622 t

176 663 273 742 -14)
307 658 528 742 antiquissima
561 675 629 722 esse
656 659 753 721 totius
776 657 974 720 collectionis.
1025 658 1133 740 Atque
1167 659 1243 722 adeo
1265 660 1301 722 in
1325 660 1455 743 quibus-

176 769 250 832 dam
278 787 319 831 ex
346 766 395 829 his
424 762 617 827 carminibus
645 765 749 828 inesse
777 764 927 827 uidentur
960 765 1111 847 temporis
1142 767 1284 849 uestigia.
1340 766 1456 852 Coepe-

175 881 251 939 runt
270 875 355 938 enim
378 876 488 955 poetae
510 870 584 933 inde
608 867 647 932 ab
663 869 954 934 Alexandrinorum
979 876 1079 934 aetate
1101 872 1147 933 ita
1162 871 1308 936 recedere
1331 874 1370 938 ab
1393 895 1455 939 usu

176 983 405 1064 antiquiorum,
430 983 466 1042 ut
480 977 610 1041 Erotem
633 977 728 1039 deum
740 995 803 1039 non
829 978 1072 1059 adulescentuli,
1095 982 1132 1040 ut
1147 979 1235 1060 olim,
1259 981 1314 1044 sed
1329 984 1455 1065 pueruli

176 1089 279 1173 specie
301 1087 476 1150 induerent.
529 1082 647 1159 Quodsi
674 1085 840 1148 recesseris
864 1104 882 1148 a
905 1087 1044 1148 carmine
1067 1085 1102 1167 ὃ,
1131 1087 1216 1149 intra
1238 1088 1378 1151 carmina
1400 1089 1456 1152 illa

176 1194 396 1273 hemiambica,
425 1191 603 1276 dequibus
631 1192 747 1274 agitur,
775 1193 808 1254 in
834 1191 928 1258 Erote
954 1193 1112 1277 pingendo
1136 1195 1324 1277 antiquioris
1351 1198 1455 1279 poesis

175 1304 310 1386 uestigia
324 1306 520 1385 premuntur.
554 1297 591 1361 ln
610 1300 748 1362 carmine
763 1301 848 1363 enim
863 1299 966 1382 primo
981 1298 1113 1382 fingitur
1127 1297 1207 1364 Eros
1222 1299 1454 1366 Anacreontem

176 1429 284 1474 senem
306 1427 403 1471 manu
428 1405 559 1468 ducens:
584 1425 616 1470 u.
636 1407 827 1492 9τρέμοντα
850 1401 878 1472 d
895 1403 994 1474 αὐτόν
1009 1403 1072 1493 ἤδη
1098 1403 1221 1493 (Ἔρως
1244 1405 1453 1495 ἐχειραγώγει

174 1517 334 1582 Nimirum
362 1514 442 1576 Eros
471 1532 535 1574 non
562 1531 641 1595 puer
672 1512 826 1595 paruulus
859 1512 914 1575 sed
948 1512 1133 1577 adulescens
1166 1521 1226 1595 est,
1260 1516 1315 1598 qui
1347 1535 1455 1580 senem

174 1622 334 1687 labantem
362 1611 518 1684 sustinere
544 1621 650 1703 possit.
708 1619 775 1682 Nee
802 1638 891 1683 secus
925 1620 1009 1703 quod
1041 1622 1076 1683 in
1103 1623 1253 1685 carminis
1280 1625 1364 1686 tertii
1391 1623 1455 1687 fihe

174 1729 301 1812 legitur:
326 1731 462 1814 ποίησον
478 1775 649 1794 ........
665 1730 719 1794 καί
734 1729 885 1812 χρυσέους
899 1733 1082 1805 πατοῦντας
1100 1724 1103 1814 l
1121 1727 1202 1814 ὁμοῦ
1215 1736 1305 1818 καλῷ
1319 1733 1431 1820 Λυαίῳ
1449 1727 1453 1817 Ι

169 1832 293 1920 Ἔρωτα
307 1838 361 1902 καὶ
377 1831 563 1914 Βάθυλλον,
588 1835 692 1896 animo
715 1840 838 1916 poetae,
858 1833 933 1896 dum
950 1839 1012 1897 tres
1027 1835 1137 1898 uiriles
1153 1835 1192 1898 ad
1214 1837 1294 1919 preli
1315 1837 1455 1901 officium

175 1943 367 2005 consociatas
395 1942 512 2026 figuras
546 1939 706 2021 describit,
738 1943 796 2003 uix
827 1941 953 2024 pueruli
981 1941 1035 2004 sed
1069 1942 1285 2006 adulescentes
1312 1943 1392 2008 Eros
1425 1950 1456 2008 et

174 2049 342 2131 Bathyllus
365 2069 430 2112 una
453 2069 526 2112 cum
550 2047 691 2129 Dionyso
715 2067 795 2111 uuas
819 2049 974 2111 calcantes
998 2048 1255 2114 obuersabantur.
1301 2051 1455 2114 Incertior

175 2163 222 2220 est
245 2161 329 2221 aetas
352 2157 458 2220 Erotis
481 2157 516 2218 in
540 2157 678 2218 carmine
706 2153 745 2222 12
772 2162 897 2238 poetam
921 2155 960 2218 ad
983 2173 1123 2239 pugnam
1146 2159 1362 2240 prouocantis:
1386 2177 1416 2220 u.
1435 2159 1454 2220 5

153 2247 192 2332 ’ὃ
217 2261 245 2330 d
270 2261 353 2332 cribri
375 2260 471 2348 τόξον
494 2261 571 2348 ἄρας
592 2262 597 2345 l
616 2266 669 2328 καὶ
693 2265 830 2348 χρυσέην
853 2266 1016 2349 φαρέτρην
1036 2261 1040 2344 l
1060 2259 1145 2348 μάχῃ
1167 2289 1206 2349 με
1229 2258 1453 2350 προύκαλεῖτο,

176 2376 207 2433 et
229 2369 334 2434 Erotis
357 2371 444 2434 illius
468 2370 562 2450 cerei,
587 2388 682 2452 quem
705 2369 740 2431 in
764 2371 903 2432 carmine
926 2371 968 2438 lo
992 2375 1154 2452 tamquam
1177 2367 1278 2438 καλόν
1298 2367 1454 2439 σύνευνον

175 2478 294 2561 expetit
322 2483 450 2561 emptor.
502 2475 618 2540 Contra
649 2477 831 2540 recentioris
859 2475 963 2540 Erotis
995 2476 1137 2560 fingendi
1169 2477 1256 2539 modi
1283 2478 1455 2561 uestigium

176 2584 420 2667 deprehenditur
452 2585 486 2645 in
519 2585 658 2646 carmine
691 2585 815 2667 quinto,
848 2582 904 2646 ubi
937 2583 975 2646 de
998 2583 1093 2646 Erote
1127 2590 1287 2646 narratur:
1324 2588 1454 2671 Στέφος

174 2694 305 2758 πλέκων
327 2687 405 2771 ποθ’
429 2685 524 2776 εὗρον
544 2690 548 2773 l
569 2691 604 2758 ἐν
626 2703 695 2766 τοῖς
722 2685 830 2773 ῥόδοις
848 2685 982 2774 Ἔρωτα,
1004 2687 1008 2771 Ι
1028 2692 1082 2756 καὶ
1109 2697 1177 2757 τῶν
1204 2701 1335 2778 πτερῶν
1356 2717 1452 2760 κατα-

175 2793 263 2882 σχών
297 2793 300 2883 l
335 2793 478 2878 ἐβάπτιο)
510 2799 554 2874 εἰς
581 2796 639 2865 τόν
666 2793 769 2880 οἶνον,
800 2793 937 2879 liuticio
965 2793 994 2862 δ’
1018 2797 1130 2864 έπινον
1157 2793 1269 2866 αέτόν·
1292 2799 1296 2882 l
1317 2803 1371 2868 xci
1394 2807 1452 2868 νῦν

176 2907 369 2990 dempsistis
395 2929 458 2990 μου
488 2900 491 2990 l
517 2918 662 2989 πτεροῖσι
689 2907 878 2989 γαργαλίζει.
932 2902 1012 2965 Inde
1040 2903 1294 2969 concludendum
1322 2911 1368 2970 est
1395 2907 1456 2969 hoc

176 3029 304 3073 carmen
327 3010 518 3074 aeneidem
544 3018 653 3095 poetae
682 3010 886 3074 tribuendum
915 3029 984 3073 esse
1012 3013 1063 3073 cui
1092 3013 1232 3075 carmina
1258 3014 1397 3096 primum
1425 3018 1456 3077 et

176 3119 312 3181 tertium.
370 3117 482 3200 Itaque
515 3138 588 3208 oum
621 3117 726 3181 Erotis
763 3136 898 3202 persona
929 3117 964 3178 in
993 3117 1115 3181 duobus
1144 3125 1227 3182 certe
1261 3120 1455 3184 carminibus

177 3229 329 3307 congruat
352 3242 426 3286 cunr
450 3227 627 3308 antiquiore
650 3246 712 3288 usu
735 3231 766 3289 et
788 3231 853 3289 tota
869 3226 1046 3287 carminum
1069 3227 1191 3289 indoles
1215 3226 1272 3289 uix
1292 3225 1456 3291 abhorreat

177 3332 216 3394 ab
240 3333 285 3396 eis
308 3332 455 3396 ludibriis
470 3333 613 3415 poetieiS,
638 3331 754 3414 quibus
769 3333 913 3397 homines
930 3332 1062 3396 saeculis
1079 3337 1153 3394 ante
1169 3331 1328 3395 Christum
1343 3337 1455 3396 natum

177 3441 267 3503 tertio
302 3445 332 3502 et
364 3441 502 3502 secundo
542 3440 789 3522 delectabantur,
828 3441 968 3502 carmina
999 3440 1223 3522 bemiambica,
1262 3439 1301 3502 de
1340 3439 1455 3524 quibus

178 3548 293 3630 agitur,
326 3547 551 3610 alexandrinae
579 3548 672 3610 aetati
705 3545 890 3629 tribuerem,
925 3549 988 3610 nisi
1024 3554 1215 3631 repugnaret
1246 3565 1375 3609 carmen
1413 3545 1454 3614 13

177 3655 221 3721 Εἰ
239 3650 343 3739 φύλλα
366 3651 473 3721 πάντα
505 3657 652 3741 δένδρων
674 3660 743 3721 κτλ.
789 3654 869 3718 Nam
892 3674 1005 3718 uersus
1031 3655 1175 3720 10-13:
1210 3655 1321 3730 ἔπειτα
1354 3653 1384 3722 d'
1419 3655 1455 3722 ἐκ

178 3765 342 3846 Κορίνθου
368 3757 371 3847 Ι
397 3763 456 3838 θὲς
474 3758 639 3848 ὁρμάθους
661 3757 807 3844 ἐρώτων·
834 3759 837 3848 l
861 3759 986 3848 Ἁχαΐης
1008 3759 1069 3848 γάρ
1092 3763 1191 3847 ἐστιν,
1218 3759 1221 3849 1
1251 3757 1335 3830 ὅπου
1362 3765 1456 3830 καλαὶ

177 3867 368 3954 γυναῖκες,*)
391 3888 457 3930 non
480 3868 584 3931 solum
609 3867 746 3945 obstant,
772 3871 943 3952 quominus
963 3888 1089 3932 carmen
1114 3876 1186 3934 ante
1202 3889 1322 3934 annum
1341 3890 1367 3933 a.
1385 3869 1455 3933 Chr.

178 3996 208 4038 n.
234 3977 312 4056 243,
336 3995 399 4058 quo
423 3995 506 4038 anno
523 3975 691 4039 Corinthus
715 3977 798 4038 inter
813 3977 956 4039 ciuitates
971 3975 1144 4039 foederatas
1159 3975 1314 4039 Achaicas
1333 3982 1457 4061 recepta

179 4090 238 4164 est,
262 4083 314 4145 uel
337 4082 421 4145 intra
448 4083 724 4148 annos146—46
750 4102 775 4145 a.
800 4082 869 4146 Chr.
893 4103 933 4156 n.,
962 4103 1018 4166 per
1051 4083 1135 4166 quod
1162 4089 1286 4167 tempus
1315 4079 1457 4147 Corinthi

250 4330 275 4399 *)
293 4329 353 4382 Iam
375 4327 484 4398 pridem
506 4328 632 4383 homines
663 4327 739 4382 docti
768 4327 1027 4384 animaduerterunt
1053 4331 1155 4398 poetae
1179 4329 1272 4384 animo
1294 4329 1456 4384 obuersatos

180 4433 238 4476 esse
257 4416 351 4470 Iliadis
371 4421 398 4473 Γ
413 4434 507 4474 uersus
525 4419 560 4470 45
580 4421 609 4472 eb
627 4418 679 4472 258
693 4415 786 4496 ’Ἄρρος
805 4417 829 4474 ές
848 4414 997 4490 ἰππόβοτον
1016 4423 1060 4470 καὶ
1076 4417 1196 4488 Ἀχαιίδα
1214 4415 1411 4490 καλλιγύναικα,
1500 4447 1504 4450 *
1567 4438 1573 4440 ·
