3230 5040
685 170 882 232 ..8.-

142 342 297 434 μόίιβδον
321 345 325 429 Ι
351 349 425 429 περὶ
453 359 521 423 τοῖς
553 353 663 423 καλοῖς
690 350 857 422 ποδίσκοις
878 343 881 427 Ι
902 346 1017 412 ἐδίωκε
1050 348 1104 412 καί
1133 349 1277 431 κίχανεν,
1313 351 1344 410 et
1370 347 1422 428 31,

146 453 195 516 1⁰·
226 452 266 516 11
291 449 310 520 0‘
334 452 362 520 ὅ
380 451 493 541 'Ecca
518 451 638 539 ἄνοον,
668 458 777 540 νηοῖο·
799 453 802 536 Ι
823 456 942 538 βοέους
965 453 1039 552 εἰμι’,
1067 452 1110 540 νδ
1133 451 1284 542 νόθαιν,
1317 458 1348 516 a
1369 453 1420 538 al,

146 558 286 622 16-18
316 558 454 650 ἅνέῳξα·
484 564 538 629 καί
565 565 684 648 βρέφος
705 563 764 647 μὲν
788 558 792 644 Ι
817 560 922 645 ἐσορῶ
948 564 1089 647 φέροντα
1112 557 1208 646 τόξον
1233 561 1236 644 Ι
1261 557 1423 649 πτέρυγάς

144 693 181 736 τε
202 669 257 734 καί
280 671 451 756 φαρέτρην.

233 772 402 857 Proprium
426 779 530 839 autem
546 775 639 848 cius,
668 775 724 858 qui
751 774 891 838 condidit
917 775 1057 838 carmina
1080 773 1224 858 al-aa,
1252 780 1362 860 poetae
1388 774 1423 838 id

146 898 273 964 quoque
305 886 352 944 est
386 881 571 946 animalium
605 885 770 944 atrorum
797 881 991 944 naturalium
1018 882 1222 968 proprietates
1250 880 1421 944 cumulare.

147 983 237 1062 Quod
259 986 296 1050 fit
317 989 395 1053 locis
417 989 480 1052 his:
505 989 547 1056 al
569 984 607 1055 ‘H
623 997 665 1076 γῆ
683 991 816 1074 μέλαινα
838 991 936 1072 πίνει,
965 989 969 1066 Ι
994 991 1080 1055 πίνει
1101 991 1138 1056 δὲ
1162 986 1286 1076 δένδρε’
1308 985 1422 1079 αὐτήν·

166 1091 170 1176 Ι
199 1097 286 1162 πίνει
318 1091 452 1164 θάίασιί
490 1091 660 1181 ἀναύρους,
692 1095 696 1178 Ι
724 1092 743 1162 ὁ
776 1091 804 1162 δ
839 1090 928 1183 ἥλιος
951 1091 1134 1180 θάλασσαν,
1164 1095 1168 1179 Ι
1197 1094 1257 1166 τόν
1281 1098 1308 1164 δ
1334 1092 1424 1184 ἥλιον

147 1194 275 1288 σελήνη·
301 1197 304 1288 Ι
329 1205 362 1270 τί
389 1227 443 1289 μοι
469 1198 611 1289 μάχεσθ’,
636 1200 769 1288 ἑταῖροι,
796 1197 799 1288 Ι
824 1199 936 1290 uariari
957 1205 1090 1270 θέλοντι
1111 1206 1231 1284 alaeam
1255 1203 1301 1272 34
1327 1199 1425 1280 Φύσις

146 1306 266 1389 κέρατα
288 1303 430 1394 ταύροις,
457 1304 460 1394 Ι
486 1305 587 1386 ὁπλάς
615 1306 644 1375 δ
668 1308 791 1378 ἔδωκεν
815 1307 938 1392 ἵπποις,
966 1305 970 1394 Ι
995 1312 1164 1396 ποδωκίην
1186 1316 1332 1396 λαγωοῖς,
1357 1316 1425 1380 κτλ.

148 1411 210 1494 35,
246 1414 339 1478 1-5
372 1414 431 1483 ab
443 1418 515 1501 μέν,
543 1419 619 1503 φίλη
639 1412 793 1501 χελιδών,
820 1412 824 1503 Ι
849 1417 959 1504 έτησίη
992 1424 1132 1503 μολοῦσα
1156 1414 1160 1504 Ι
1184 1421 1276 1501 θέρει
1297 1421 1426 1496 πλέκεις

147 1517 274 1607 καλιήν,
300 1516 304 1607 Ι
328 1530 459 1609 χειμῶνι
483 1519 512 1588 δ
535 1523 581 1599 είς
604 1519 745 1608 ἄφαντος
770 1518 773 1610 Ι
798 1519 955 1610 ἢΝεῑλσν
977 1520 1063 1610 ἢπὶ
1082 1529 1219 1612 Μέμφιν.
1251 1523 1340 1604 356
1358 1543 1424 1606 sqq.

142 1621 243 1712 >Ὶδρως
266 1626 294 1694 δ
318 1625 366 1696 ἀεὶ
381 1633 493 1698 πλέκει
514 1655 574 1716 μευ
599 1627 603 1716 Ι
621 1631 657 1698 έν
671 1634 789 1716 καρδίῃ
808 1627 933 1717 καλιήν·
951 1627 954 1716 Ι
973 1627 1085 1709 Πόθος
1101 1627 1131 1698 δ
1145 1629 1164 1699 ὁ
1178 1634 1238 1717 μέν
1252 1638 1426 1716 πτεροῦται

148 1739 216 1800 κε).
249 1731 323 1816 aab,
349 1736 376 1800 1.
402 1738 420 1798 2
442 1733 494 1804 Ἐν
516 1738 627 1822 ἰσχίοις
648 1739 707 1824 μὲν
730 1736 825 1804 ἵπποι
850 1733 854 1823 Ι
879 1736 981 1822 πυρδς
1002 1735 1134 1825 χάραχμ
1158 1738 1292 1823 ἔχουσιν.
1331 1738 1382 1819 31,
1408 1737 1425 1800 l

150 1840 219 1903 -3
252 1847 481 1921 Μεσονυκτίοις
513 1841 591 1912 ποθ’
619 1839 728 1929 ὥραις,
759 1842 763 1931 Ι
793 1840 971 1931 στρεφέτην
997 1840 1043 1912 ὅτ’
1065 1841 1200 1931 Ἄρκτος
1227 1841 1291 1934 ἤδη
1316 1840 1320 1931 Ι
1344 1843 1428 1913 nard

150 1961 241 2034 χεῖρα
263 1947 324 2036 τήν
346 1947 496 2019 Βοώτεω.
542 1951 586 2019 33
610 1949 838 2038 Μακαρίζομέν
861 1970 909 2037 σε,
933 1948 1053 2036 τέττιξ,
1079 1947 1083 2039 Ι
1108 1947 1163 2020 ὅτε
1187 1948 1352 2038 δενδρέων
1375 1947 1426 2020 ἐπ’

151 2051 262 2143 ἄκρων
283 2063 350 2124 καί,

241 2268 378 2355 Reliqua
396 2272 594 2356 anthologiae
609 2294 682 2358 pars
699 2273 738 2337 ab
755 2293 805 2353 aa,
821 2274 860 2338 de
871 2295 934 2359 qua
949 2276 1114 2358 hucusque
1125 2275 1257 2358 egimus,
1269 2272 1432 2336 euidenter

154 2375 263 2440 differt.
312 2376 431 2455 Quodsi
446 2382 612 2446 recesseris
628 2401 647 2444 a
663 2382 856 2446 carminibus
884 2382 1063 2464 byzantinis
1087 2380 1126 2444 ab
1150 2381 1360 2465 anthologista
1382 2381 1431 2443 in-

155 2485 246 2548 sertis
270 2490 300 2548 et
323 2505 342 2549 a
365 2487 558 2552 carminibus
583 2489 623 2556 19
649 2493 680 2553 et
702 2490 760 2571 39,
787 2509 923 2573 quorum
947 2495 977 2554 et
1000 2493 1137 2552 metrum
1160 2508 1179 2550 a
1201 2489 1312 2551 ceteris
1336 2487 1432 2551 distat

155 2596 186 2655 et
209 2591 360 2657 dialectus
376 2595 496 2659 incerta
516 2601 580 2678 est,
603 2597 744 2659 carmina
759 2597 868 2664 1-33
885 2597 1017 2660 dialecto
1035 2595 1140 2658 ionica
1155 2595 1332 2678 conscripta
1348 2596 1431 2658 sunt

155 2696 195 2762 In
215 2701 387 2782 posteriore
409 2721 486 2766 uero
509 2703 707 2786 anthologiac
729 2708 831 2787 parte,
855 2723 1048 2787 quamquam
1064 2721 1153 2766 rarae
1174 2702 1293 2766 formae
1311 2701 1433 2764 ionicae

156 2807 209 2869 uel
233 2808 338 2890 spicae
362 2809 474 2889 (ueluti
496 2808 617 2897 κούρην
640 2813 699 2893 48,
725 2813 776 2890 19)
801 2830 873 2874 cum
897 2811 932 2872 in
955 2811 1024 2875 aliis
1046 2809 1239 2874 carminibus
1263 2809 1434 2893 deprehen·

157 2911 284 2993 duntur,
302 2918 370 2978 tum
388 2917 580 3002 aliquotiens
594 2920 733 2982 ionicum
754 2945 773 3006 η
789 2919 894 2980 locum
910 2941 931 2983 α
947 2917 1032 2980 attici
1047 2921 1177 3000 occupat
1190 2917 1225 2978 in
1240 2915 1434 2982 carminata

157 3021 259 3100 (cuius
287 3026 394 3085 tamen
423 3030 531 3088 auctor
558 3045 607 3088 ne.
627 3025 769 3088 doricum
808 3025 937 3108 quidem
964 3050 984 3092 α
1015 3025 1050 3086 in
1077 3023 1178 3086 forma
1204 3020 1305 3109 κούρα
1331 3044 1361 3086 u.
1394 3023 1433 3085 16

158 3129 302 3211 respuit),
332 3130 458 3193 nulium
486 3136 592 3194 tamen
620 3134 703 3196 inest
730 3151 870 3212 carmen,
898 3133 933 3214 in
962 3150 1024 3215 quo
1051 3131 1155 3193 ionica
1184 3130 1334 3192 dialectus
1362 3147 1435 3192 con-

158 3237 277 3297 stanter
300 3241 425 3300 seruata
448 3240 496 3301 sit
545 3238 597 3302 Ex
621 3241 776 3303 contrario
802 3242 837 3302 in
865 3239 1059 3303 carminibus
1081 3239 1133 3306 33.
1158 3239 1211 3305 34.
1235 3238 1287 3304 33.
1311 3237 1360 3304 37.
1384 3237 1436 3304 41.

158 3340 209 3408 47.
233 3342 287 3409 49.
311 3343 361 3410 51.
386 3345 438 3412 53.
463 3346 515 3413 56.
539 3347 590 3414 57.
615 3348 658 3416 59
683 3349 806 3412 doricae
830 3347 953 3410 dialecti
979 3347 1110 3428 uestigia
1134 3349 1297 3428 apparent,
1321 3342 1437 3427 quibus

159 3448 245 3530 prior
268 3451 465 3534 anthologiae
488 3473 561 3536 pars
585 3462 677 3519 caret.
724 3454 761 3518 Id
785 3455 954 3518 discrimen
976 3453 1116 3516 maxime
1139 3450 1223 3514 cadit
1245 3451 1281 3514 in
1299 3451 1439 3514 carmina

159 3553 384 3639 hemiambica,
414 3559 453 3623 de
482 3560 597 3644 quibus
626 3563 715 3625 aliter
747 3561 825 3624 mihi
859 3560 1066 3624 iudicandum
1099 3577 1167 3622 esse
1199 3575 1311 3622 censeo
1344 3562 1438 3640 atque

160 3660 297 3746 Bergkio
330 3668 361 3727 et
387 3665 513 3731 Flachio
548 3669 595 3749 (cf.
628 3667 862 3732 adnotationem
889 3690 957 3754 pag.
988 3669 1032 3749 2):
1063 3665 1210 3730 Carmina
1245 3665 1328 3727 enim
1357 3662 1384 3727 1.
1408 3664 1438 3732 3.

161 3769 279 3837 5-14.
308 3772 447 3841 ‘al—27
475 3777 570 3838 meris
593 3774 779 3838 hemiambis
815 3782 845 3840 et
876 3777 978 3840 ionica
1017 3774 1149 3837 dialecto
1188 3770 1314 3835 condita
1351 3776 1438 3850 sunt,

162 3881 271 3940 contra
293 3879 377 3942 intra
404 3883 545 3946 carnrina
571 3881 779 3945 hemiambica
801 3885 853 3954 33.
882 3885 935 3952 34.
960 3883 1010 3950 37.
1034 3881 1087 3948 45.
1112 3881 1167 3954 43,
1194 3879 1287 3941 1-7,
1316 3879 1367 3946 47.
1395 3879 1440 3946 49

162 3971 285 4068 praeter
307 4005 434 4050 carmon
457 3989 510 4070 33,
535 3990 619 4072 quod
643 3991 788 4055 dorismis
810 3992 1008 4074 interspersis
1032 4008 1051 4050 a
1074 3984 1266 4050 carminibus
1289 3989 1315 4054 1.
1340 3987 1361 4053 3
1385 3992 1441 4050 etc.

163 4092 294 4174 recedit,
329 4094 396 4157 sola
423 4099 565 4161 earmina
592 4099 764 4180 byzantina
798 4101 855 4181 46,
882 4098 975 4160 1-7
1010 4096 1104 4163 6157
1131 4094 1226 4157 meris
1255 4091 1441 4156 hemiambis

165 4204 322 4282 constant,
350 4201 469 4268 ionicas
500 4224 577 4270 uero
600 4207 716 4270 formas
744 4207 870 4270 nullum
892 4203 1033 4289 praebet,
1061 4222 1134 4265 cum
1162 4201 1276 4265 doricis
1304 4199 1444 4264 carmina

165 4307 217 4375 33.
241 4307 294 4374 34.
318 4309 369 4376 37.
393 4311 444 4378 47.
468 4313 522 4380 49.
547 4313 587 4381 57
611 4317 780 4398 conspicua
808 4315 878 4377 sint.
929 4312 1036 4395 Atque
1060 4311 1187 4373 omnino
1214 4309 1316 4393 prima
1338 4307 1443 4368 statim

166 4415 269 4498 specie
292 4423 419 4500 apparet
446 4420 596 4505 pleraque
619 4441 659 4485 ex
687 4423 733 4484 eis
757 4419 962 4500 carminibus,
990 4437 1071 4501 quae
1097 4417 1174 4480 inde
1196 4435 1215 4478 a
1237 4414 1377 4478 carmine
1399 4413 1444 4482 33
