3230 5040
713 193 887 258 ..17-

917 369 995 458 ,ἕγσὸ
1019 370 1054 438 δ’
1079 371 1142 456 ἔχω
1165 365 1326 437 κύπελλον

398 483 429 568 [1
454 485 483 564 l,
510 481 541 566 6]
929 481 983 545 καί
1006 475 1128 565 στέμμα
1150 483 1248 546 τοῦτο
1273 479 1404 563 χαίταις,
1475 507 1481 526 ·

868 587 909 649 18
933 583 972 652 οὐ
994 582 1090 670 τόξον
1113 582 1152 652 οδ
1173 581 1342 671 μάχαιραν

933 688 1022 760 θὲλω
1044 689 1134 761 θέλω
1156 701 1300 779 μανῆναι

153 635 177 702 8
207 631 288 710 (Εἰς
318 623 454 696 ἑαυτόν
489 626 798 713 μεμεθυομίνον).

286 751 381 838 Ἄφες
404 779 456 840 με,
479 747 563 830 τοδς,
579 745 678 826 θεούς
701 766 759 832 σοι,

291 875 380 930 πιεῖν
402 873 490 927 πιεῖν
513 855 638 944 ἀμυστί·

249 971 267 1032 3
291 971 380 1037 θέλω
403 969 492 1034 θέλω
515 973 659 1053 μανῆναι.
1050 923 1081 1008 ΙΙ
1107 927 1135 1005 1'
1163 923 1193 1008 7]

290 1070 425 1160 ἐμαίνετ’
447 1070 621 1157 Ἀλκμαίων
643 1097 680 1138 τε
822 1068 860 1156 ,9
889 1074 958 1134 Τοῦ
981 1064 1110 1134 αὐτοῦ.
1134 1067 1188 1142 εἰς
1209 1061 1401 1150 χελιδόνα

290 1179 338 1267 χιό
360 1177 539 1256 λευκόπους
560 1174 705 1265 Ὀρέστης
848 1177 935 1255 (Τοῦ
958 1173 1084 1242 αὐτοῦ.
1112 1174 1165 1250 εἰς
1187 1169 1390 1257 χελιδόνα).

251 1290 270 1352 6
291 1286 348 1368 τάς
370 1291 508 1375 μητέρας
530 1283 715 1362 κτανόντες·
936 1303 969 1366 Ίί
992 1317 1041 1366 σοι
1064 1294 1171 1374 θέλεις
1192 1293 1327 1383 ποιήσω,

296 1397 355 1484 ίγιδ
379 1398 417 1463 δὲ
439 1398 564 1482 μηδένα
586 1390 677 1477 xvdc,
932 1409 964 1472 τί
987 1425 1049 1488 σοι,
1074 1401 1154 1490 λάλη
1176 1400 1332 1488 χελιδώνς

294 1504 377 1573 τισίν
400 1499 432 1569 δ’
457 1499 596 1588 ἐρυθρόν
618 1499 707 1569 οἶνον
933 1511 974 1580 τοί
996 1509 1097 1597 ταροοί
1121 1529 1178 1577 σευ
1200 1507 1240 1577 τά
1263 1518 1369 1596 κοῦφα

256 1612 272 1673 9
294 1609 382 1680 θέλω
406 1610 494 1681 θὲλω
517 1616 661 1700 μανῆναι.
807 1613 808 1620 '
891 1619 912 1680 4
935 1615 1043 1695 θέλεις
1066 1616 1175 1699 λαβών
1197 1621 1336 1704 ψαλίξω;

293 1718 434 1806 ἐμαίνεθ
456 1717 606 1808 Ἡρακλῆς
628 1723 705 1805 πρὶν
931 1721 953 1814 ἢ
974 1732 1095 1811 μᾶλλον
1118 1720 1259 1792 ἔνδοθέν
1283 1744 1340 1792 σευ

294 1826 404 1914 δειννΙν
426 1834 553 1895 κλονῶν
575 1826 736 1918 φαρέτρην
932 1831 992 1921 τνΙν
1014 1839 1174 1918 γλῶσσαν,
1199 1828 1244 1909 ιὸς
1266 1828 1285 1898 ό
1314 1828 1430 1920 Ίηρεδς

232 1932 270 1998 12
294 1937 348 2002 καὶ
370 1933 466 2018 τόξον
488 1932 643 2020 Ἰφίτειον·
891 1940 908 2000 7
933 1941 1068 2023 ἐκεῖνος,
1093 1939 1266 2025 ἐκθερίξω;

296 2043 439 2127 ἐμαίνετο
462 2047 540 2132 πρὶν
562 2045 645 2122 Αἴας
933 2051 965 2114 τί
987 2073 1047 2132 μευ
1069 2053 1178 2115 καλῶν
1201 2044 1335 2132 ὀνείρων

294 2146 361 2235 μετ’
385 2148 520 2229 ἀσπίδος
543 2155 729 2238 κραδαίνων
933 2151 1140 2240 όπορθρίαισι
1162 2167 1285 2238 φωναῖς

232 2258 273 2321 15
295 2255 356 2345 τνΙν
371 2251 523 2344 Ἕκτορος
544 2256 714 2347 μάχαιραν·
875 2263 916 2326 10
940 2260 1130 2350 ἅφήρπασας
1153 2259 1339 2344 Βάθυλλον;

235 2434 252 2488 8
271 2434 288 2486 4
305 2433 437 2502 Ἀλκμέων
456 2434 555 2504 Bergk.
576 2467 609 2474 -
629 2437 645 2488 5
664 2435 684 2502 χ’
706 2435 720 2488 ὁ
739 2436 769 2489 Ρ.
781 2438 841 2491 -6
856 2439 1021 2507 νταναντΙεαΙ
1041 2455 1105 2492 oum
1123 2439 1191 2507 τΙαι)
1210 2454 1296 2506 supra
1314 2457 1328 2490 o
1348 2453 1444 2506 super·

156 2521 269 2592 scripto
288 2523 318 2579 P.
338 2554 372 2563 -
392 2524 408 2577 8
427 2522 544 2594 ἐρυθρὸν
563 2521 636 2576 οίνον
654 2542 718 2579 oum
737 2526 845 2580 duobus
864 2526 979 2595 punctis
999 2543 1084 2596 supra
1102 2526 1158 2598 ρΡ,
1178 2525 1271 2579 λευκὸν
1289 2523 1362 2578 ολνσν
1381 2542 1445 2579 oum

157 2611 271 2666 duobus
290 2611 404 2681 punctis
424 2629 510 2682 supra
528 2611 582 2666 λΡ
606 2613 636 2667 in
659 2630 745 2681 marg.
769 2646 803 2654 -
834 2615 866 2668 10
890 2613 1002 2683 ἐραίνετ’
1031 2613 1148 2686 ὴρακλὴα
1167 2615 1196 2670 Ρ.
1221 2646 1255 2655 -
1282 2614 1313 2668 12
1332 2617 1445 2684 ϊφίτεισν

159 2700 191 2755 Ρ.
222 2731 256 2740 -
277 2702 309 2755 16
328 2701 377 2769 ἕχω
397 2701 430 2771 Ρ]
449 2701 515 2770 ἔχων
534 2701 702 2771 Stephanus.
723 2734 757 2743 -
779 2705 809 2756 17
828 2705 932 2771 χαίταις
951 2702 1122 2774 Stephanus]
1141 2705 1254 2773 χαῖτΙεσ)
1272 2703 1302 2757 P.

236 2791 254 2844 θ
276 2791 287 2843 l
309 2790 349 2846 ef.
370 2789 497 2860 Gregon'i
515 2791 682 2846 Nazianzeni
706 2809 789 2846 carm.
813 2787 861 2848 Εἰς
883 2791 933 2859 τὴν
951 2793 1047 2845 ἑαυτοῦ
1071 2793 1159 2863 ψυχήν
1177 2812 1203 2847 u.
1225 2794 1238 2847 l
1258 2795 1287 2845 τί
1299 2813 1340 2846 σοι
1358 2790 1446 2850 θέλεις

161 2883 297 2950 γενέσθαι.
318 2910 352 2919 -
371 2881 387 2932 2
406 2877 472 2948 λάλη
491 2878 599 2948 χελιδών
609 2880 779 2952 Stephanus]
799 2879 877 2934 λάλευ
896 2879 998 2949 χελιδὸν
1016 2883 1045 2936 Ρ.
1057 2915 1090 2922 -
1101 2883 1220 2937 Munker
1237 2899 1288 2951 pro
1307 2902 1348 2934 σοι
1366 2879 1445 2934 λάλευ

163 2969 312 3039 proposuit
344 2967 441 3037 κωτίλη
474 2971 577 3025 σοίίαίο
605 2970 697 3024 Procli
729 2971 834 3025 scholio
863 2971 985 3040 (Hesiod.
1015 2971 1065 3040 Op.
1090 2971 1165 3041 374):
1195 2969 1390 3034 ,,Κωτι’λλουσα
1417 2969 1445 3024 δὲ

162 3061 285 3126 σημαίνει
303 3055 369 3125 ἡδέα
391 3057 511 3129 λέγουσα·
535 3065 579 3112 καὶ
602 3059 653 3131 γάρ
675 3060 726 3128 τὴν
748 3058 868 3128 χελιδόνα
887 3059 1021 3114 κωτίλλειν
1042 3057 1123 3130 λέγει,
1148 3060 1182 3117 ὡς
1200 3059 1255 3112 ἔστι
1273 3059 1350 3129 παρὰ
1366 3059 1444 3114 Ἀνα-

159 3150 281 3218 ειρίσντι·
301 3145 398 3215 κωτίλη
416 3145 541 3215 χελιδών“
561 3149 662 3218 (Bergk
671 3150 818 3219 PootAEyr.
839 3151 884 3204 Gr.
903 3151 955 3203 III⁴
973 3150 1073 3204 Anaor.
1093 3149 1125 3204 fr.
1139 3150 1208 3217 154).
1219 3149 1280 3203 —3
1298 3149 1342 3202 σεῦ
1360 3149 1390 3202 Ρ.
1410 3180 1444 3189 -

157 3239 177 3293 5
197 3237 255 3291 Ino.
275 3253 342 3306 pag.
363 3238 411 3293 677
430 3238 486 3309 (fol.
507 3238 566 3308 32³)
585 3239 644 3292 cod.
665 3238 695 3292 P.
715 3271 748 3278 —
769 3260 812 3292 σευ
837 3257 900 3293 oum
924 3259 954 3292 ον
979 3238 1166 3308 superscripto
1185 3239 1217 3295 Ρ.
1236 3270 1270 3279 -
1290 3240 1305 3293 6
1324 3240 1396 3308 τΙην)
1414 3237 1444 3294 P.

158 3360 195 3369 -
223 3329 240 3382 8
263 3329 313 3396 μεθ
332 3327 360 3380 Ρ.
382 3359 415 3367 -
435 3330 451 3382 θ
471 3327 513 3381 ὑπ’
535 3328 671 3401 ὀρθρίαισι
689 3328 720 3381 P.
740 3359 773 3367 -
792 3328 901 3382 Imitati
924 3332 991 3383 sunt
1012 3329 1066 3383 hoo
1089 3346 1201 3382 carmen
1226 3345 1288 3384 oum
1307 3327 1445 3397 Agathias

158 3417 366 3482 scholasticus,
386 3418 470 3472 Anth.
490 3417 549 3472 Pal.
568 3417 593 3470 V
612 3418 671 3471 237:
692 3420 790 3470 Πᾶσαν
808 3416 858 3486 ἐγὼ
876 3416 926 3486 τὴν
945 3418 1028 3471 νόκτα
1046 3418 1199 3488 κινόρσμαι·
1220 3410 1277 3470 εὖτε
1296 3413 1320 3469 δ’
1342 3415 1445 3490 ἐπέλθῃ

175 3505 300 3576 Ιόρθροε
327 3504 443 3558 ἐλινῦσαι
470 3506 551 3578 μικρά
576 3507 756 3576 χαριζόμενος,
778 3509 781 3574 Ι
803 3505 1057 3578 άμφιπεριτρόζουσι
1074 3502 1202 3573 χελιδόνες
1220 3503 1245 3561 ἕε
1264 3501 1292 3558 δέ
1309 3525 1343 3572 με
1362 3501 1445 3575 δάκρυ

175 3597 181 3665 Ι
201 3591 344 3667 βάλλουσιν
371 3593 495 3667 γλυκερὸν
518 3597 595 3662 κῶμα
621 3595 822 3666 παρωσάμεναι.
843 3595 848 3663 Ι
866 3592 979 3663 ὄμματα
1008 3592 1036 3647 δὲ
1059 3593 1210 3647 σταλάοντα
1233 3592 1404 3663 φυλάσσεται,
1427 3593 1444 3662 ἡ

161 3683 191 3738 δὲ
206 3682 357 3752 Ῥσδάνθης
373 3691 377 3754 Ι
394 3677 474 3741 αὖθις
497 3683 568 3754 ἐμοῖς
591 3687 706 3756 στέρνοις
730 3690 837 3757 φροντὶς
860 3684 1065 3755 ἀναστρέφεται.
1083 3687 1086 3754 Ι
1104 3677 1124 3736 ὦ
1143 3688 1277 3756 φθονεραὶ
1301 3683 1446 3736 παύσασθε

165 3773 326 3848 λαλητρίδες·
351 3773 380 3827 οὗ
412 3774 463 3845 γάρ
486 3773 565 3844 ἔγωγε
582 3775 585 3843 Ι
601 3773 650 3842 τὴν
674 3772 850 3842 Φιλομηλείην
875 3773 995 3844 γλῶσσαν
1018 3773 1222 3846 άπεθρισάμην.
1240 3775 1244 3844 Ι
1265 3771 1318 3826 ἀλλ’
1343 3771 1446 3826 Ἴτυλον

168 3861 280 3918 αλαίοιτε
307 3865 363 3918 κατ’
394 3861 473 3934 οἰίρεα
496 3869 540 3916 καί
560 3863 665 3933 μοάοιτε
681 3866 685 3934 Ι
701 3859 736 3921 εἰς
754 3863 854 3919 ἔποπος
872 3863 993 3932 κραναὴν
1012 3857 1088 3916 αὖλιν
1098 3863 1267 3932 ἐφεζόμεναι,
1284 3866 1288 3933 Ι
1304 3863 1382 3934 βαιὸν
1398 3861 1445 3916 ‘lvo

167 3953 336 4023 κνώσσσιμεν·
361 3953 421 4009 ἴσως
440 3952 468 4006 δέ
486 3973 524 4010 τις
542 3951 596 4020 ἥξει
615 3949 725 4023 ὄνειρος,
743 3955 746 4022 Ι
768 3947 797 4009 όε
819 3973 852 4021 με
873 3951 1054 4009 Ῥοδανθείοιτ
1072 3952 1183 4020 πήχεσιν
1201 3950 1359 4022 άμφιβάλσι,
1384 3955 1445 4005 tum

164 4044 299 4100 Leontius
310 4043 527 4113 Grammaticus,
547 4043 625 4097 ouius
644 4042 775 4097 carminis
793 4041 894 4096 titulus
914 4046 1042 4097 seruatus
1053 4045 1095 4096 ost
1110 4043 1140 4095 in
1158 4041 1259 4111 pinaoo
1269 4040 1372 4095 oodioio
1382 4041 1447 4096 Bar·

160 4134 266 4190 borini:
293 4137 425 4190 Λεσντίσν
457 4134 642 4205 γραμματικοί
674 4130 866 4200 ἀνακλώμενος,
900 4135 927 4189 ’δε
954 4130 1063 4200 φιλήσας
1094 4131 1176 4202 κόρην
1207 4131 1240 4204 τῇ
1276 4129 1361 4202 ἡμέρᾳ
1397 4131 1447 4198 μὲν

159 4227 263 4278 ποθῶν
282 4224 383 4286 ε’πόνει,
411 4226 445 4296 τῇ
473 4222 501 4276 δὲ
519 4228 593 4275 νυκτί
617 4223 780 4290 κοιμώμενος
804 4218 986 4287 ἀπηλλάττετο
1010 4223 1057 4274 τοῦ
1081 4219 1208 4292 ἐρωτικοῦ
1232 4219 1326 4300 πυρόε·
1351 4219 1446 4289 ὀρθρι-

164 4313 256 4381 ζοὺσητ
279 4307 326 4366 οὖν
352 4309 483 4381 χελιδόνος
509 4317 554 4364 καὶ
582 4312 611 4364 ἐν
637 4313 673 4378 τῷ
691 4312 817 4364 κτᾶσθαι
841 4313 877 4378 τῷ
901 4311 979 4382 ῥοίζῳ
1002 4309 1148 4381 ε’μειροόσηε
1172 4309 1267 4370 αὐτόν,
1291 4304 1445 4371 ἐπεδείξατο

164 4402 221 4454 κατ’
242 4403 323 4471 αὐτῆς
341 4403 453 4455 τοιαῦτα
471 4402 586 4470 φάσκων,
607 4401 661 4454 nisi
673 4383 750 4454 ⁴forto
769 4399 887 4454 Leontio
907 4399 1046 4469 Agathioe
1064 4397 1239 4468 epigramma
1258 4401 1324 4450 anto
1349 4396 1445 4450 oculos

163 4489 229 4546 suit.

1267 4558 1283 4610 2
