3230 5040
690 229 910 296 ..29-

233 428 275 490 14
299 417 511 510 οίνεμοτρόπφ
534 421 667 500 θυέλλη·
738 461 740 468 ,
935 414 1038 498 μηδέν
1059 436 1113 495 μοι
1136 412 1189 476 καί
1212 403 1286 494 ύμῖν
1310 408 1406 477 έστω·

297 529 335 598 τό
359 532 418 616 μὲν
441 523 500 595 οὖν
527 522 617 611 πόμα
647 517 804 605 λάβωμεν,
938 520 1016 603 πρὶν
1039 517 1093 602 ἐμὲ
1116 511 1228 600 φθόση
1250 512 1288 583 τό
1311 519 1412 597 τέλος,

297 635 355 714 τοίς
378 639 415 704 δὲ
439 636 613 720 φροντίδας
640 638 800 718 μεθῶμεν.
934 628 1040 708 παίξω
1062 619 1186 709 γελάσω
1209 619 1352 709 χορεύσω

295 749 327 813 τί
348 739 410 829 γάρ
433 742 500 810 έστί
523 760 572 808 σοι
594 738 632 807 τό
655 740 772 823 κέρδος
894 732 913 794 9
936 725 1016 818 μετό
1038 736 1097 797 τοῦ
1119 735 1219 796 καλοῦ
1241 733 1373 797 Λυαίου.

234 855 274 920 18
297 849 495 936 όδυνωμένιμ
519 850 697 934 μερίμναις;
806 835 809 842 ’

295 958 403 1030 πόθεν
426 957 561 1042 οίδαμεν
583 952 622 1021 τό
644 955 774 1039 μέλλον,

1052 925 1125 1010 [ΙΙΙ
1149 925 1181 1008 2]

295 1068 312 1136 ὁ
336 1071 406 1150 βίος
428 1071 558 1149 βροτοῖς
579 1057 706 1146 ἄδηλος·
801 1071 845 1139 39
874 1076 946 1138 Τοῦ
969 1065 1096 1136 αὐτοῦ.
1125 1069 1178 1145 εἰς
1199 1064 1243 1135 τό
1264 1067 1334 1153 έαρ
1355 1063 1441 1154 ἤτοι

297 1165 431 1261 μεθύων
454 1172 542 1239 θέλω
564 1163 717 1254 χορεύειν,
991 1179 1248 1261 καλοκαίριον.

231 1283 272 1346 22
296 1283 523 1366 μεμυρισμένος
547 1279 584 1345 δὲ
608 1277 736 1360 παίζειν
993 1301 1074 1378 (mg
1095 1298 1138 1368 τό
1163 1301 1249 1386 ἔαρ.)

937 1447 973 1512 Τί
995 1439 1096 1510 καλόν
1118 1443 1186 1510 έστι
1207 1446 1352 1528 βαδίζειν

933 1546 1018 1620 ὅπου
1040 1557 1192 1636 λειμῶνες
1213 1557 1363 1635 κομῶσιν,

935 1652 1019 1725 ὅπου
1042 1656 1165 1744 λεπττ]ν
1187 1652 1352 1744 ἡδυπότην

891 1765 911 1826 4
935 1761 1075 1832 ἀναπνεῖ
1095 1767 1239 1848 Ζέφυρος
1262 1759 1372 1850 αόρην,

923 1879 1039 1958 κλῆμα
1062 1867 1100 1938 τό
1122 1868 1273 1955 βόκχεων
1296 1871 1387 1955 ἰδεῖν,

935 1975 1021 2065 χόπό
1045 1975 1084 2045 τοί
1106 1981 1230 2046 πέταλα
1254 1982 1355 2064 δῦναι,

164 2122 206 2190 37
239 2117 376 2201 (Ἄλλο).
422 2120 489 2195 Εἰς
524 2113 662 2185 ἑαυτόν
695 2111 716 2204 ἢ
748 2115 802 2192 εἰς
937 2082 1065 2173 ‘mliv
1087 2089 1191 2153 παῖδα
1213 2089 1361 2171 καῖὲλων

276 2227 431 2313 ἑταῖρον
453 2220 681 2311 πρεσβύτην.
756 2283 758 2290 ,
892 2192 996 2280 ὃῖίίί
1018 2188 1248 2280 Κύπθῑοὸέην
1271 2197 1441 2262 πνέουσαν.

295 1493 374 1583 μετδ
396 1497 450 1562 καί
472 1499 581 1562 καλῶν
603 1496 771 1577 γυναικῶν.

294 1606 417 1692 μελέτω
442 1604 478 1669 δὲ
501 1614 571 1678 τοῖς
593 1603 724 1669 θέλουσι

231 1711 272 1774 26
296 1705 375 1780 όσον
397 1710 483 1777 ἐστὶν
507 1708 542 1776 ἐν
564 1711 733 1794 μερίμναις.

297 1817 399 1902 ἱλαροί
421 1820 545 1901 πίωμεν
568 1812 665 1898 οἶνον,

231 1927 273 1991 28
297 1923 521 2011 όναμέλψομεν
544 1923 581 1987 δὲ
606 1916 751 2005 Βάκχον.

301 2375 392 2437 Φιλώ
413 2371 549 2454 γέροντα
571 2362 721 2450 τερπνόν,

296 2483 382 2562 φιλῶ
403 2478 478 2544 νέον
500 2469 669 2560 χορευτόν·
1018 2495 1230 2504 ---·

298 2580 338 2652 ίίν
363 2580 392 2650 δ
415 2582 434 2652 ὁ
455 2585 561 2668 γέρων
583 2577 708 2668 χορεύη,

299 2693 407 2776 τρίχας
428 2693 533 2776 γέρων
554 2693 613 2776 μέν
636 2689 733 2774 ἐστιν,

257 2799 276 2860 5
299 2793 356 2874 τός
379 2799 416 2865 δὲ
440 2799 559 2882 φρένας
580 2793 695 2881 νεάζει.

1062 2884 1123 2969 [lv
1150 2885 1180 2968 1]

417 2992 487 3077 [m
515 2991 546 3076 1]
870 3027 916 3096 40
944 3035 1013 3096 Τοῦ
1035 3025 1164 3096 αὐτοῦ.
1187 3026 1376 3109 ἐρωτικόν

90 3189 91 3196 1
193 3129 781 3213 38Ἄλλο.ει’ςε“αυτόν.ίἈλλο).
970 3152 975 3158 ·
1033 3132 1211 3223 ᾠδόριον.

298 3273 426 3365 Ἐπειόν]
449 3275 565 3362 βροτός
587 3271 731 3364 ἐτύχθην
941 3280 1060 3345 Ποθέω
1082 3279 1142 3364 μὲν
1164 3273 1317 3345 Διονύσου

298 3382 410 3468 βιότου
432 3387 544 3468 τρίβον
566 3378 701 3468 ὁδεύειν,
938 3386 1189 3469 φιλοπαίγμονος
1210 3387 1344 3470 χορείας,

299 3489 416 3577 χρόνον
432 3491 544 3576 ἔγνων,
566 3483 605 3556 όν
625 3497 804 3578 παρῆλθον,
939 3495 1038 3576 φιλέω
1058 3488 1090 3557 δ’
1114 3486 1238 3558 ὁπόταν
1261 3487 1384 3577 ἐφήβου

256 3599 277 3661 4
299 3593 338 3666 ὃν
362 3593 395 3664 δ’
411 3598 475 3682 ἔχω
499 3600 631 3686 δραμεῖν
646 3594 705 3664 οὐκ
721 3594 803 3665 οῖδα
893 3599 915 3660 4
936 3595 1017 3684 μετοί
1039 3593 1205 3684 συμπότου
1228 3603 1354 3685 λυρίζω·

301 3709 419 3792 μέθετε
444 3707 482 3771 δέ
503 3729 556 3790 με,
579 3708 759 3789 φροντίδες,
938 3709 1169 3790 στεφανίσκους
1192 3701 1220 3772 δ
1243 3701 1413 3774 ὑακίνθων

238 3933 272 3990 87
290 3934 307 3987 2
326 3931 452 4004 χορευτὴν
470 3949 533 3986 cum
552 3951 569 3984 α
588 3947 673 4000 supra
691 3952 708 3998 η
726 3931 757 3987 Ρ.

238 4023 277 4078 88
297 4021 450 4076 Carmina
468 4021 506 4076 38
525 4023 554 4074 ei
572 4021 624 4084 θθ,
648 4037 733 4088 quae
756 4020 856 4075 unius
879 4024 1003 4091 poetae
1026 4024 1118 4085 nunt,
1141 4020 1232 4074 notis
1251 4023 1298 4076 ln
1319 4022 1342 4076 l.
1361 4023 1444 4076 1112

167 4111 361 4181 insigniam.
382 4141 416 4152 -
436 4112 448 4164 l
469 4108 587 4177 ἐτύχθην
605 4126 669 4163 cum
688 4129 700 4162 ε
718 4128 804 4180 nupta
822 4133 837 4163 ο
855 4109 886 4164 P.
906 4143 940 4152 —
959 4113 975 4165 5
994 4109 1023 4164 δέ
1040 4109 1153 4164 inserui.

239 4202 278 4256 39
298 4198 379 4253 ιιαίπἰ
397 4199 427 4252 Ρ.
447 4231 481 4240 -
500 4201 516 4254 5
535 4198 654 4268 κλήματα
672 4205 696 4270 β.
717 4195 803 4262 εἶδείν,
822 4217 892 4254 corr.
911 4199 1006 4269 steph.
1026 4231 1059 4238 —
1079 4199 1096 4253 8
1113 4197 1163 4267 τὴν
1180 4197 1292 4253 inserui.

239 4289 278 4345 40
298 4287 458 4344 Carmina
475 4287 522 4343 40.
541 4288 583 4343 4l.
602 4288 647 4343 42.
666 4287 709 4353 44,
729 4307 815 4358 quae
834 4290 932 4344 unius
950 4291 1076 4360 poetae
1095 4290 1187 4349 sunt,
1205 4286 1297 4341 notis
1316 4288 1355 4344 IV
1376 4289 1388 4341 l
1409 4319 1444 4329 -

167 4380 208 4437 IV
226 4379 243 4432 2
262 4377 460 4448 insigniam.
481 4409 514 4417 -
536 4380 548 4430 l
568 4373 709 4446 ποθίομεν
728 4396 792 4432 cum
811 4400 831 4430 ω
851 4395 936 4449 supra
954 4379 1073 4433 alterum
1092 4377 1147 4432 οΡ.
1167 4407 1201 4418 -
1221 4377 1237 4431 θ
1256 4376 1361 4429 ὁπόταν
1379 4375 1445 4430 Her·

167 4467 264 4538 mann]
283 4463 320 4520 ὅτ’
341 4465 376 4519 ἂν
385 4466 414 4520 P.
434 4497 468 4508 -
489 4468 518 4519 ll
539 4465 732 4536 φιλολοιδόροιο
751 4467 856 4539 Steph]
876 4465 1078 4538 φιλολοιδόροισι
1098 4469 1171 4521 Ρ.-
1188 4467 1220 4520 12
1239 4465 1326 4536 φεύγω
1337 4465 1444 4536 steph]

168 4555 261 4625 ἔφευγε
278 4556 309 4612 Ρ.
329 4587 363 4598 -
384 4557 415 4610 15
426 4554 580 4622 νεοθηλέσιν
590 4555 744 4628 Mehlhorn]
756 4555 927 4624 νεοθηλαίαιν
936 4555 966 4611 P.
978 4588 1011 4596 -
1021 4558 1151 4626 φεροίμην
1160 4555 1261 4627 Bergk]
1282 4557 1403 4626 φέρωμεν
1413 4552 1444 4610 Ρ.
